Company,Quarter,Revenue,Profit,DebtEquityRatio,CashFlow
Company_1,2019-03-31,210.76423074578253,15.46992129917169,0.18131705703547923,16.18881563196343
Company_1,2019-06-30,218.34017404265853,30.60414214468297,1.0913016089144636,21.67488781704014
Company_1,2019-09-30,216.36552587949825,16.770638277441385,0.5259391401433527,15.259646913675036
Company_1,2019-12-31,215.0114043217815,24.681535973294984,0.5077207962772586,23.317662873888523
Company_1,2020-03-31,214.70989313956994,22.534721490579162,0.7384979779038502,22.851793687841134
Company_1,2020-06-30,211.03398636916415,16.872392451801222,0.8199282137790562,15.808855156262856
Company_1,2020-09-30,216.54428597893013,16.366117989853606,0.19107223017939132,17.668111657518995
Company_1,2020-12-31,215.29443932771437,41.949003040035954,1.2317562873630457,34.47559969966138
Company_1,2021-03-31,222.7332282206208,25.84214928702774,0.2708535287826903,23.20807875475324
Company_1,2021-06-30,220.1098791511117,12.140881941584011,1.3730485629102949,9.755344241289242
Company_1,2021-09-30,210.58881597027022,26.957517119089005,0.8653943910805915,20.863548843110014
Company_1,2021-12-31,226.29866018966445,44.227288340025346,1.1851859527055604,47.57969807150095
Company_1,2022-03-31,233.2985112929134,43.92570855917366,0.22388950287268727,34.19147043030796
Company_1,2022-06-30,248.25015840391183,14.096660165628677,0.5554624630685701,12.05928278268017
Company_1,2022-09-30,262.81872412379676,27.205154328469217,0.49330831356233307,24.949260308238816
Company_1,2022-12-31,261.0034133604667,18.567426229562045,1.2230757730556556,13.550883791449635
Company_1,2023-03-31,273.8202834484279,43.633556580759226,1.1797784853603241,31.835822206908272
Company_1,2023-06-30,291.4508658592344,30.24381533772515,0.26221668333518156,31.612086988223364
Company_1,2023-09-30,275.30225407206575,16.389776268429923,0.535375250401927,13.60471614559822
Company_1,2023-12-31,295.9450637093616,47.18575522511842,0.9925804598972983,49.77554997910792
Company_2,2019-03-31,272.49306410328785,44.72095055840248,0.8857880765972946,45.0960194456413
Company_2,2019-06-30,269.153392453058,33.39368361363141,0.8318259611347916,29.086446329108064
Company_2,2019-09-30,275.707910988089,26.78596017677924,0.8119989676305838,28.47418789509118
Company_2,2019-12-31,277.1001346094994,24.216843268613285,0.6745360922498815,24.270615689437037
Company_2,2020-03-31,271.4404529920583,51.425655434231096,1.2313685313901837,49.02724013718283
Company_2,2020-06-30,270.0594040917723,48.804889355922505,1.2251409076587603,37.80563498157012
Company_2,2020-09-30,276.7714274299888,47.36002601785683,1.3545278198928905,39.17627935187433
Company_2,2020-12-31,295.7115188137234,19.667119203254057,0.4191092275587184,17.126975358898168
Company_2,2021-03-31,306.0040580341132,15.619309924884742,0.8150462236085919,13.541385677114448
Company_2,2021-06-30,316.1183378277078,26.337769671069218,0.2678115142671559,21.993251018503376
Company_2,2021-09-30,319.8914360299011,40.888073349744644,1.084226542453249,34.56889688651047
Company_2,2021-12-31,332.7518851912749,65.1419422626392,1.4474262129189557,52.159994694811694
Company_2,2022-03-31,307.4831859380249,28.511708701203123,0.15164172629634592,26.910084380873272
Company_2,2022-06-30,313.225221112051,39.27902328549005,0.17207025174998508,31.873300682710767
Company_2,2022-09-30,316.4771102479472,22.702242073773796,0.7852338643885881,24.842159535379228
Company_2,2022-12-31,327.5782940281407,28.272722636745396,1.04098976636823,28.4041299012792
Company_2,2023-03-31,347.0861046954095,36.50216747100055,0.9852281628310112,34.80160026971987
Company_2,2023-06-30,338.24603932213876,44.095851694710525,0.22640567807617162,45.60044617258722
Company_2,2023-09-30,328.2587106695735,18.420654842599095,0.9272501204635385,17.88693008707641
Company_2,2023-12-31,325.52927675423933,17.086437430783178,0.8169302816189933,13.508508558050744
Company_3,2019-03-31,356.26081270759676,38.47983795174734,1.4114219842314284,29.052600024506784
Company_3,2019-06-30,347.09260223437815,35.11187120981163,0.2588629297368247,37.56539914028079
Company_3,2019-09-30,347.8432763126631,51.8278157486256,1.2441110802817021,47.78940917086366
Company_3,2019-12-31,364.4723032604636,47.18006009552074,0.43859320726063233,34.783079738921174
Company_3,2020-03-31,345.5189881642806,35.374730239830846,1.116337950418335,37.45632454436438
Company_3,2020-06-30,373.00031176316696,68.2825425099226,1.1918257642006733,65.33360102544412
Company_3,2020-09-30,384.6805977520017,19.764718984616252,0.24206016001244493,19.08087369411796
Company_3,2020-12-31,408.6731541880159,20.743937724743994,0.3251312719844981,19.073916228954097
Company_3,2021-03-31,438.2886227047132,36.65863414899654,1.0970509098865502,29.139934904588966
Company_3,2021-06-30,476.09333192497127,47.042760571852426,1.1450879671652339,45.1541423720873
Company_3,2021-09-30,495.7199520779283,67.04428464553659,0.23114467495932947,56.79229643946711
Company_3,2021-12-31,528.9464638747346,47.489001383205114,0.441585500730717,51.72522080044841
Company_3,2022-03-31,562.7639564630213,81.41550835957928,1.2127358249583078,73.35983763392164
Company_3,2022-06-30,567.2774779233837,77.45356099742575,0.7895247713464094,60.26639856409223
Company_3,2022-09-30,551.3081737040714,29.576247341979716,1.003661214270035,22.798680843805382
Company_3,2022-12-31,589.2707032595728,112.59123887120026,1.4355000078036224,120.01615324746639
Company_3,2023-03-31,597.3987383200848,116.49169230916196,1.449067967924954,121.29159062565716
Company_3,2023-06-30,631.4606466149285,59.46296549794291,0.6391368200426953,61.86852006153637
Company_3,2023-09-30,614.8517596990846,82.0951233887325,1.4106166838250933,80.32284718821927
Company_3,2023-12-31,611.3789134824232,82.84745249228438,0.23604709127907594,78.37392954314748
Company_4,2019-03-31,506.87690872463156,92.05186801079297,1.1370760648558862,90.10094800417167
Company_4,2019-06-30,488.0471843327013,75.8291661009019,0.6032876117076572,61.98554616047229
Company_4,2019-09-30,510.3762036190167,91.89877191395864,1.37853677357906,83.12583573291415
Company_4,2019-12-31,533.694933846365,66.83325254971211,1.2176132505534851,64.15895819834807
Company_4,2020-03-31,569.8261279261333,104.56355106052845,0.5731932195921501,88.90340064070224
Company_4,2020-06-30,599.781638209483,38.444378186453385,0.9095921973946435,27.46377607720657
Company_4,2020-09-30,681.1917563244252,63.33801863572116,0.927166564796615,45.10934320461828
Company_4,2020-12-31,631.2173086476618,35.09708891015469,1.2516407849235216,29.62461942359498
Company_4,2021-03-31,645.870387853278,106.89092461031241,0.4021494384955804,101.45618278371884
Company_4,2021-06-30,623.9836237239413,39.1874942585666,0.17235440963605078,35.76022861053245
Company_4,2021-09-30,703.3525962943572,111.77236352281786,1.4661929112475485,101.32389855288397
Company_4,2021-12-31,739.713077729632,72.81992287229296,1.2132606726761852,58.86273946989856
Company_4,2022-03-31,725.195441554694,39.01740861247157,1.447707780549095,40.35929721030128
Company_4,2022-06-30,735.5390331691877,113.56438085758714,0.6725341221799778,87.36709146630385
Company_4,2022-09-30,732.782773083593,97.00871441640021,1.1004342917800873,93.52405960206694
Company_4,2022-12-31,723.5010082061679,66.55491891102906,1.4368113929284718,66.23271101987444
Company_4,2023-03-31,814.7401357757716,92.01675856387955,0.44682338530162047,77.51391180543193
Company_4,2023-06-30,873.0944828195475,142.9054128218815,0.12015088408165822,106.66875241890372
Company_4,2023-09-30,909.9311871800684,110.21639264367572,0.23696782491140206,98.82512617926942
Company_4,2023-12-31,963.372995117023,116.5881374438863,0.34248261787402123,101.84447849536583
Company_5,2019-03-31,251.607036925171,14.290172995194517,0.6244576604770596,13.580579683161881
Company_5,2019-06-30,273.2863019430566,34.289352219275486,1.2990857776636513,33.03701772916312
Company_5,2019-09-30,275.98558455516553,38.04912166014308,1.4163223379949406,35.39289996460821
Company_5,2019-12-31,282.3456255319016,30.55699337071296,1.0006035058192944,26.991027574242803
Company_5,2020-03-31,297.6889716916678,32.12522316673634,1.4456667893534798,34.121492783510064
Company_5,2020-06-30,304.6991363970146,24.18356527252425,0.19710582122523163,17.903364240505187
Company_5,2020-09-30,303.3823369383867,29.684852668656763,1.2828254353572364,21.05572646151271
Company_5,2020-12-31,312.59906595981477,53.820266334642085,0.49459668468275986,40.2180514318433
Company_5,2021-03-31,333.730936215004,60.61248029727741,1.1290994613254401,61.909125032970096
Company_5,2021-06-30,364.6436026385518,33.65849552358138,0.34841536129161194,33.66677216972216
Company_5,2021-09-30,339.3433238458492,56.48774940857038,0.577124956354225,60.5719792135534
Company_5,2021-12-31,325.42057451407226,58.172804356947424,0.7005916383250256,58.193073339433994
Company_5,2022-03-31,325.2917835817564,60.30354589769204,0.8073533214269999,62.14780842435181
Company_5,2022-06-30,336.0528107785612,32.935675741162186,1.3537325198946806,28.18242113429528
Company_5,2022-09-30,338.2196715347932,65.11043054178307,1.4308500057125786,60.512016493119354
Company_5,2022-12-31,334.61603085183907,48.44423055470439,0.7278237307696476,39.59270947839861
Company_5,2023-03-31,361.4676777472732,58.86724498016901,1.208210661216188,59.80012934718754
Company_5,2023-06-30,347.06932725929,22.101692487022067,0.792188426583614,15.980043146444316
Company_5,2023-09-30,317.74166110562146,58.196173295285625,0.5912810175729102,43.46246225677314
Company_5,2023-12-31,352.2234868751166,25.16592867077401,1.166114884404461,23.83936274330224
Company_6,2019-03-31,98.58508746083315,6.005256474990735,1.2506040830064986,5.900145815510885
Company_6,2019-06-30,98.05793734596804,6.099430912601549,0.21877279971926866,6.6767776167035775
Company_6,2019-09-30,92.9192879113763,15.974677946205109,1.4261480083374023,17.48269434201797
Company_6,2019-12-31,88.23864708579745,14.383493125970217,0.626763419743282,10.548857982038706
Company_6,2020-03-31,91.37512317536874,10.38325691106517,1.3688961391326304,7.730116648404976
Company_6,2020-06-30,99.94316844144168,12.382335488565703,0.1158951026743867,10.988880161779134
Company_6,2020-09-30,103.55470758202298,16.766204276410637,0.9167162711360234,18.18913559223896
Company_6,2020-12-31,101.34261881054535,10.765685877121113,0.499996920794605,11.276406260876374
Company_6,2021-03-31,104.50497713487736,6.382065103289672,0.875395998161849,6.941906327144709
Company_6,2021-06-30,106.66087510536363,13.702154829005767,0.9811580933893674,13.404810883722039
Company_6,2021-09-30,120.27710886645592,16.55580085943325,1.3616212146873845,11.89002109068937
Company_6,2021-12-31,118.06793372579025,10.879308173513827,1.4305760777071823,11.489697345726798
Company_6,2022-03-31,133.35656777989033,12.216418768357954,0.36336962361326586,10.817386696637145
Company_6,2022-06-30,130.63410488162145,13.455683046497574,0.9171185565912209,9.837367187242457
Company_6,2022-09-30,135.4790362784336,13.064127287326551,1.2393130275897282,12.723055179466282
Company_6,2022-12-31,150.8977078635357,11.22566390421594,1.3752980582913794,11.551375388053525
Company_6,2023-03-31,143.95465378156942,27.338323573093774,1.3124894453005718,19.631307555128835
Company_6,2023-06-30,160.01609748489003,8.633675928474585,0.6270487136292694,8.842795062218613
Company_6,2023-09-30,149.50996434400096,29.227278272299223,1.2789664923899922,30.259921325108895
Company_6,2023-12-31,162.62103415027093,19.563956659265987,0.6807473032727311,15.834339303721853
Company_7,2019-03-31,77.85384826049275,15.567472618927333,1.4952915719034676,14.355897980710337
Company_7,2019-06-30,80.58787412156757,13.325052858423868,1.4226720218353992,13.856175557616076
Company_7,2019-09-30,80.93833584425828,5.615009010359866,1.4356714381622113,5.291976720969223
Company_7,2019-12-31,76.08558292730967,6.413742317195451,1.0403809581681993,6.075425723348165
Company_7,2020-03-31,74.4577582103165,11.223463103212566,0.8284307812653106,11.323658961679763
Company_7,2020-06-30,74.8156601414213,9.578239364646073,1.2930541004459561,8.819285878759112
Company_7,2020-09-30,80.15218578963336,8.858614337820143,0.287621319830897,6.303019888102171
Company_7,2020-12-31,82.42084584813836,13.456899994016156,0.9684333718948505,13.209722406659846
Company_7,2021-03-31,82.28217142835825,4.293623572495836,0.5908225823292358,4.018690295191593
Company_7,2021-06-30,82.51951995269039,8.981144543524223,0.7124648908332206,9.534953150679963
Company_7,2021-09-30,84.99566016155427,14.24084878140637,0.6551598952497781,13.51221119773215
Company_7,2021-12-31,77.46986465558018,13.894573202853188,1.429328873120699,10.54361054078401
Company_7,2022-03-31,78.96225087347108,7.006846270002818,0.7427900587335657,7.651567426850093
Company_7,2022-06-30,83.6857941577743,10.368060169731075,0.5602522544025115,9.884497386457705
Company_7,2022-09-30,84.84521352594336,5.882484804998153,0.27926417454088137,4.475165478068452
Company_7,2022-12-31,86.22266006311311,6.106640220386637,0.9972246427245004,4.7189186497422995
Company_7,2023-03-31,91.16911625096049,11.040055394491283,1.034580833929438,8.489007145598936
Company_7,2023-06-30,91.66739053477258,7.227364414141027,0.1572160627730704,5.547537195158091
Company_7,2023-09-30,89.76300474387398,5.6824811309579335,0.26889021954084114,5.025083453627356
Company_7,2023-12-31,89.0492744386966,7.208543909375955,0.6099778054673056,6.497542937241346
Company_8,2019-03-31,355.2724579468891,64.3173866467859,1.3892213607445385,46.59352055658299
Company_8,2019-06-30,366.1789655477171,33.51696389466004,1.228681791710286,33.49363193682946
Company_8,2019-09-30,363.78962678597645,38.40556754066274,0.7783321792674298,36.38166743260143
Company_8,2019-12-31,360.59158417866166,37.9836522665701,0.747548602586407,37.94522706397488
Company_8,2020-03-31,378.19849529611076,47.93727056757171,0.8449588793714419,35.61110287924648
Company_8,2020-06-30,391.6481822074854,45.86664513490747,0.8456641730370323,36.5551750127938
Company_8,2020-09-30,384.66997612654137,20.39161688182543,0.5509108318164496,15.998838516917434
Company_8,2020-12-31,365.0084606232311,36.181318687658276,0.2676669845469517,38.21510361916234
Company_8,2021-03-31,403.09967838925564,67.87218479096308,0.7978190785006801,49.8703172957355
Company_8,2021-06-30,428.931107081116,56.003810894466724,0.9215775652292307,55.90164816432268
Company_8,2021-09-30,415.2643721581945,38.439522111179265,0.608315214958089,36.83916550988869
Company_8,2021-12-31,419.6176160187678,56.907175522998806,0.5985354162569847,62.290941433769945
Company_8,2022-03-31,398.6667887807862,26.01993316610101,0.3140027948580648,20.773874677971076
Company_8,2022-06-30,417.8619814450919,30.964494623988045,0.3611938336718281,25.206277364129868
Company_8,2022-09-30,427.2329882537921,47.66190882738975,1.475330063672049,35.49933135527464
Company_8,2022-12-31,418.02718295266175,45.848527441288354,1.4572586065855164,47.96686009377416
Company_8,2023-03-31,414.33242188544807,31.337261287295476,1.0361005078942034,33.58572218327877
Company_8,2023-06-30,438.2682241265272,58.51513386344076,0.9002577652578597,47.51379936220707
Company_8,2023-09-30,432.5132417041957,42.62499545664051,0.6956110140629834,38.49225285371575
Company_8,2023-12-31,453.50308053154595,39.165188086737295,0.26077155463488494,36.98165118541933
Company_9,2019-03-31,173.2357697006086,21.16438986682771,0.8456252055722201,15.253798321814495
Company_9,2019-06-30,179.01961543336063,17.98979603699297,0.2881805477145639,13.048898342957296
Company_9,2019-09-30,177.21179767207988,26.97613826216179,1.164319003845561,25.310509991888107
Company_9,2019-12-31,187.49230678364643,22.63715145150867,0.6765772798061759,19.004959530599702
Company_9,2020-03-31,192.83329967227377,14.883830507380853,0.19309477431348848,14.830967006987914
Company_9,2020-06-30,197.55187188569386,26.900829422788746,1.278560287461581,20.33457774060876
Company_9,2020-09-30,195.63052136931927,14.58394068266676,0.32997211710339014,14.960642238448473
Company_9,2020-12-31,205.29788253685038,30.7494312585917,0.8322915946767669,25.93813520303132
Company_9,2021-03-31,206.63023172864095,35.6416312975556,0.7147888719983058,30.32310765758093
Company_9,2021-06-30,220.5531517341619,26.33448033267583,0.5219290238297989,26.30929804038326
Company_9,2021-09-30,207.5377375097052,38.38123762428463,0.6374477099224959,35.211758946509555
Company_9,2021-12-31,211.85507676913218,39.398861637077324,0.9739331942795889,29.421463038559835
Company_9,2022-03-31,217.8420417086285,21.835580516918853,0.29498090172874214,22.220106742952506
Company_9,2022-06-30,228.39579888127025,32.66309181228408,0.84684552876685,34.54308247280414
Company_9,2022-09-30,227.39776606593432,22.002623580820927,0.447884795740252,21.949344602504205
Company_9,2022-12-31,236.53711603401158,13.016605612600575,0.8978455588198431,13.081473532095735
Company_9,2023-03-31,237.1577097871231,41.073010717650185,0.25488443173729014,42.6576451225117
Company_9,2023-06-30,251.7326955594731,17.400594471288866,0.6562022067845141,17.72978146340938
Company_9,2023-09-30,251.3877217978458,39.80420024953866,1.1080511511645041,38.07108768223069
Company_9,2023-12-31,249.4690581376571,38.44125263247781,0.8598142206866346,30.780665337159405
Company_10,2019-03-31,191.392489964802,22.833290668886097,1.4261966754565414,17.38391033295266
Company_10,2019-06-30,209.53692205777767,28.90236529577605,0.8082441504382523,27.300645176715893
Company_10,2019-09-30,214.87377292646582,33.19748728713709,1.3914991336482139,32.62965932963247
Company_10,2019-12-31,226.96865902205587,16.541670253916454,0.9068037042335384,15.59360127188345
Company_10,2020-03-31,249.58820381350782,47.460457928493554,1.3957959180694868,41.78113775755921
Company_10,2020-06-30,248.20029776768965,16.625872392830498,1.4787776785472684,17.217075689317266
Company_10,2020-09-30,253.85585071420007,35.20760184782576,0.6586037854181823,25.416531683950232
Company_10,2020-12-31,272.8213136667693,27.3584084538353,1.223994828037216,19.201575828615702
Company_10,2021-03-31,264.4715576787865,34.5424557137478,1.3877978629778647,28.965175468431525
Company_10,2021-06-30,247.8778627451886,25.294195861054956,1.1325017473536478,22.28133277023837
Company_10,2021-09-30,249.61807253193507,17.754972316066326,0.34694178110871265,15.967883024530066
Company_10,2021-12-31,235.84985164770865,26.613018349950025,1.38078426149534,22.486871039805376
Company_10,2022-03-31,262.37064971546215,13.63387264818591,1.0289523208233948,10.514638733369672
Company_10,2022-06-30,282.3969426472296,54.83034503071796,0.30812781885435814,47.47483502630729
Company_10,2022-09-30,324.38032853862603,19.482759892802076,1.1499446585588489,15.273748033136458
Company_10,2022-12-31,331.8283998634567,61.29140767151669,0.38719549667481,47.578992900121314
Company_10,2023-03-31,337.9215445984223,45.52687546064511,0.19199209519969332,45.99175251107744
Company_10,2023-06-30,335.49822858866247,39.58655159398046,0.8341463770586119,34.68989700473621
Company_10,2023-09-30,363.1111618981116,26.610978005893028,0.35469938269337953,27.800867886759352
Company_10,2023-12-31,332.7298283181779,63.85661670864347,0.6226330427916541,51.61516722358438
Company_11,2019-03-31,340.4472664646572,24.99662206193422,1.1023611203863566,24.085984540749138
Company_11,2019-06-30,346.0716285447256,18.710154565143714,0.41076102670612924,14.826486259709384
Company_11,2019-09-30,354.7017167195635,27.23460055724614,1.0138445509926246,21.658945550640944
Company_11,2019-12-31,359.4840687015685,23.33634290505044,0.4404410673992357,23.077467549840257
Company_11,2020-03-31,370.89143295270645,40.64136691444569,1.0353191911989046,31.781293624789384
Company_11,2020-06-30,382.99650423063133,35.99100859849839,1.3548701459295678,25.380886955297637
Company_11,2020-09-30,358.68045502827823,65.96160707940808,1.2444209864338174,55.191853693833316
Company_11,2020-12-31,397.50199975703424,35.34330002376791,0.6315693714341736,33.085498518963014
Company_11,2021-03-31,420.4846028177302,46.84692453497418,0.8728660531927722,40.96532181372288
Company_11,2021-06-30,399.18654584294376,37.59134270523074,1.4278346297470195,37.7959267336453
Company_11,2021-09-30,426.5672039028952,72.5071632036169,0.6952989062569268,51.40668856470748
Company_11,2021-12-31,434.43825926036465,39.23047161009834,0.8582879005252136,37.40198985447096
Company_11,2022-03-31,429.59743314058187,75.28245464409467,1.478163052984973,68.5278171732854
Company_11,2022-06-30,429.2077230985936,32.513297462251124,0.48123025712711653,22.998484838423717
Company_11,2022-09-30,402.8201828061486,53.62612178239115,1.01198854369261,55.33661925309112
Company_11,2022-12-31,421.99167738806364,34.165792677228325,0.11539416012187267,25.786777297028884
Company_11,2023-03-31,464.6240922752752,69.580013799887,0.3455197900728294,74.155927986417
Company_11,2023-06-30,510.40105633735044,57.581190557046654,0.6363939395492964,52.25879309845923
Company_11,2023-09-30,511.72776512084107,71.88384040681541,0.4434887535538493,61.51231380111745
Company_11,2023-12-31,527.0427117878065,49.175225074958064,0.5979418030509288,48.56635524313554
Company_12,2019-03-31,178.65841214909662,26.71848609637952,1.4115616350546611,26.53222722502873
Company_12,2019-06-30,205.74644038575897,16.92080468782029,0.14365638908579853,13.61965074956828
Company_12,2019-09-30,203.93959750848325,25.38128977607663,0.9355799884836449,21.160319262737083
Company_12,2019-12-31,209.2625210831959,34.661580747607765,0.2492375543872805,25.30486423885818
Company_12,2020-03-31,213.08168251834533,32.65697525798972,0.7087582740452446,26.078580721795955
Company_12,2020-06-30,236.20957511100073,40.83245032008884,1.219182230556571,39.92917887754396
Company_12,2020-09-30,248.2776399619763,25.857144081120943,0.2282149026572878,27.58764457210283
Company_12,2020-12-31,233.75060837799793,16.4847461511127,1.4303322953491233,14.48023908543597
Company_12,2021-03-31,240.50250639943425,43.516974541855525,1.1251148409733858,44.50152255447346
Company_12,2021-06-30,229.2548732686167,34.11713825044156,1.0691871903249934,35.470846953760216
Company_12,2021-09-30,233.0356791695763,19.3842378354519,1.4827352111953058,20.888914793322325
Company_12,2021-12-31,218.34323479216621,12.20844836936933,1.087805241521964,13.064252383364533
Company_12,2022-03-31,225.6749695787262,42.274167535115495,0.14752437002011837,41.38506176257202
Company_12,2022-06-30,215.7819591699042,20.41348066370651,1.3941546735271426,22.218507949000962
Company_12,2022-09-30,219.6708339235795,39.38838589925633,1.2823691579490986,32.5994111617757
Company_12,2022-12-31,231.54954192761835,40.367726846826514,0.15181068860168967,37.88543262540014
Company_12,2023-03-31,231.15016264460917,14.225669893122724,1.0748042862293956,11.891948540986528
Company_12,2023-06-30,232.19990656625356,36.85361182300823,0.19149887711851932,30.445363364887537
Company_12,2023-09-30,253.64331117509724,24.809581602110878,0.9762479270118126,26.15900201848567
Company_12,2023-12-31,261.20891761568305,37.19078939845068,0.42614326465508723,26.396546310126197
Company_13,2019-03-31,466.1252661478211,79.1562205628037,1.4971077547466725,66.51376312111334
Company_13,2019-06-30,476.54356701981925,78.66697491845161,0.6627032790529389,70.16702779748573
Company_13,2019-09-30,507.9913324966519,100.38544754580428,1.1755827794103255,87.04489544111833
Company_13,2019-12-31,526.1231169987453,59.559004761026216,1.132615222224448,47.37983499737378
Company_13,2020-03-31,528.7442495278976,49.21860723798801,0.5148313686383861,39.052164325261685
Company_13,2020-06-30,518.0428118044839,29.173051737780238,0.12502350862677933,31.94708676777944
Company_13,2020-09-30,478.3172608290197,72.67891702959632,0.4055554430110898,78.49210194857964
Company_13,2020-12-31,459.0076926991266,77.09114624480793,0.2251754032371633,66.84051463338805
Company_13,2021-03-31,521.1968721897923,39.11847914739582,1.487636076591767,31.00799325102105
Company_13,2021-06-30,514.3197598937392,98.44582495229346,1.0095053085893158,92.84373751689024
Company_13,2021-09-30,484.23307389628303,37.03376042984746,0.4086806926982455,28.68543627497619
Company_13,2021-12-31,495.7085010465999,82.75242267697669,0.5901753628334221,59.841344521780414
Company_13,2022-03-31,496.3678114865896,81.27316648985462,1.0744288652753091,61.894259590124676
Company_13,2022-06-30,477.1690439522978,82.25199903907318,0.41421680057132493,64.94017782307844
Company_13,2022-09-30,542.9557761482638,74.39196238883548,0.22808157235685683,78.18478786837461
Company_13,2022-12-31,579.2751278176635,52.042081183725614,0.28132088979592584,54.93037671837656
Company_13,2023-03-31,606.6024059858709,80.45283125427672,0.2217814638759742,69.46146884857133
Company_13,2023-06-30,651.6004652660171,69.00662492597972,0.46365529726445665,68.27294962787293
Company_13,2023-09-30,637.235646368624,52.908070070531394,1.0565622691234342,38.646823788749
Company_13,2023-12-31,649.7166050866671,115.44232021764302,0.793205137819564,103.0016359731677
Company_14,2019-03-31,315.1677504954108,47.81171136500954,0.8920247495941074,38.575029387361944
Company_14,2019-06-30,337.92539724437773,61.43297793770224,1.2163964302496995,59.183347369035815
Company_14,2019-09-30,358.54699353991793,55.438794026207965,1.0521970804644205,52.525183330001674
Company_14,2019-12-31,374.81201234843616,61.05968637753461,0.32204714741030316,64.25605738260519
Company_14,2020-03-31,379.1763593962365,38.01919003826473,1.140911558808251,29.05821744214224
Company_14,2020-06-30,389.5414046589306,67.27187376395027,1.2649878491408386,60.745633764699946
Company_14,2020-09-30,401.0542827213835,58.06144226976979,0.46372501348982365,55.36752380052801
Company_14,2020-12-31,410.00654720145224,53.70995852155707,1.191783553211601,39.89534123469219
Company_14,2021-03-31,423.3191252998126,82.31389617663615,0.5786210324541605,78.44915645584324
Company_14,2021-06-30,465.1738149353485,88.29195116682648,0.24351361918695094,94.90425854767432
Company_14,2021-09-30,464.09382985426316,44.155991657355344,1.0914409241033942,32.098767198777914
Company_14,2021-12-31,477.87950485837655,65.62507493075043,0.5842362797341394,62.23660340318786
Company_14,2022-03-31,474.0822301741103,77.62597755645243,0.1344216830423221,55.025129215300275
Company_14,2022-06-30,492.5053471265298,48.53223185371707,0.784100466566532,48.92839886675047
Company_14,2022-09-30,488.6835172881344,44.49170211975938,1.4959743002207957,38.72880410306919
Company_14,2022-12-31,544.4217102971804,64.08281988358657,0.32907334966833685,65.23142878022918
Company_14,2023-03-31,527.5110786574285,32.89409106793243,1.0526990229045983,31.63768434257138
Company_14,2023-06-30,556.7445939100184,50.65759435410018,1.4312089871505744,38.52120781019909
Company_14,2023-09-30,585.9792853273392,66.19169124707658,0.9939363267297197,56.86116212556183
Company_14,2023-12-31,594.7931209449278,54.20485344957294,1.4775687071437595,46.818553344394445
Company_15,2019-03-31,445.31357905747745,24.34534343486996,1.012333555526239,20.63050056550973
Company_15,2019-06-30,439.321415465973,78.92573424168474,0.76249386936818,85.81416484363655
Company_15,2019-09-30,454.0314199652665,75.59147677030205,1.1792905825016728,78.45739844486684
Company_15,2019-12-31,457.8894058582731,75.1641937514309,0.9767084502839815,56.56090179200236
Company_15,2020-03-31,495.64700673103715,60.58211716674472,0.26423146454735225,45.441090149051966
Company_15,2020-06-30,517.7381070025166,79.12839645561047,0.7024282528592477,61.7367575483262
Company_15,2020-09-30,508.9150107172012,69.8718478722157,0.47659076620913676,71.20106477008011
Company_15,2020-12-31,518.729715803397,50.0855814024615,0.7373082087145216,35.29271558072614
Company_15,2021-03-31,524.6163934469386,63.99838675401049,0.9400287673670251,52.265244533371344
Company_15,2021-06-30,517.0577285790789,79.75474974558308,1.3041713560648864,80.707053005122
Company_15,2021-09-30,526.7738385075471,34.62986285447092,0.4388630222075385,37.90810011352081
Company_15,2021-12-31,522.2697978791748,37.27665765243724,0.7984434148318984,35.31077223033306
Company_15,2022-03-31,546.4218716538517,28.12194429285777,0.5570458315415886,25.508984203011924
Company_15,2022-06-30,606.0262549117133,38.288723556927664,0.5908777036928531,27.310628351346654
Company_15,2022-09-30,612.7224824091182,42.833813061265204,0.8945571875661813,41.79663458301229
Company_15,2022-12-31,602.5550548210158,102.48738709664822,0.38021034194273406,78.60711186362636
Company_15,2023-03-31,622.9066700174121,97.15559983598378,0.14422060275589885,104.39222482822842
Company_15,2023-06-30,610.4938432476479,35.28391446661755,0.8578148694214985,34.70611241461691
Company_15,2023-09-30,634.707956747396,108.06487685820494,0.5752302695599285,110.86700403193933
Company_15,2023-12-31,669.0280466118007,41.491264207791595,1.3527433184847386,38.132004928320946
Company_16,2019-03-31,469.49021546830636,60.545645579313174,1.1242253304574648,44.358887889787134
Company_16,2019-06-30,462.70167291702234,27.323835179820495,0.445944527614205,20.870433643166322
Company_16,2019-09-30,464.544444604564,91.22713972123658,0.5716541084795496,70.50463642097495
Company_16,2019-12-31,483.6875301962276,81.47947458772045,1.0221908857012265,73.2727222987862
Company_16,2020-03-31,535.1408352628208,45.09536092750848,1.4948674824794388,49.150212439926534
Company_16,2020-06-30,557.5183826197923,82.26119785522722,0.3793594313008032,79.96539451360063
Company_16,2020-09-30,561.494142728761,101.20419604832286,1.1180366976728313,100.9089437849823
Company_16,2020-12-31,525.8790163766981,59.85765324799421,0.5843089895657481,50.78416112011477
Company_16,2021-03-31,542.2983217826461,62.79397694930832,1.1153607245811912,56.179735180422654
Company_16,2021-06-30,581.5362708307005,105.26590745116764,1.360982609615762,91.44326963921007
Company_16,2021-09-30,612.1344669518188,114.38008088290864,0.39492706460793314,108.56804390417223
Company_16,2021-12-31,576.1289576547262,83.38546757745031,1.1263582313813933,62.75816048118294
Company_16,2022-03-31,601.882791621473,46.3163652571806,0.43256065489342865,50.418051673892776
Company_16,2022-06-30,621.7652001477312,47.967035690917925,1.2961391307174108,43.022168787679135
Company_16,2022-09-30,651.100087096773,76.04574790237159,0.8207442955015662,64.15929163065775
Company_16,2022-12-31,652.0567376436796,90.59847654763914,0.32893342161903183,77.59149015397108
Company_16,2023-03-31,622.8875834292393,103.41240008742001,0.28322312500568975,112.50528883193891
Company_16,2023-06-30,671.4985647163306,79.28278209417589,0.4304706486850495,57.82875810720156
Company_16,2023-09-30,687.507825489945,69.12923942621894,1.2604367122356532,60.30523831394829
Company_16,2023-12-31,657.1546222911244,57.37429119366658,0.964002981245642,56.382340575820535
Company_17,2019-03-31,132.9736313658404,16.115690234312282,1.281838628556876,16.47455541040822
Company_17,2019-06-30,143.76112329318573,19.81073630719617,1.3155797927185622,15.498661788314358
Company_17,2019-09-30,144.28670835556449,8.449866601102483,0.8436373392014448,9.080583883862005
Company_17,2019-12-31,143.1977180271297,8.00497168778221,0.2709538796140375,7.051416348908157
Company_17,2020-03-31,144.70133425354828,18.24469975223547,0.15820200267054893,13.853880691300363
Company_17,2020-06-30,150.83949462624702,29.865393100834016,1.4511661750104639,20.964788959590518
Company_17,2020-09-30,154.90720283885906,27.912379436458405,0.7366357978874026,25.295270399774918
Company_17,2020-12-31,161.51039260958765,19.918590095951807,1.0336099605645461,15.0556755071168
Company_17,2021-03-31,157.1619844303371,23.73379586168106,1.4578768645501787,17.505105271101456
Company_17,2021-06-30,165.36794724163198,24.95242210227099,0.7212503070263996,26.131596262007548
Company_17,2021-09-30,173.19990500518418,30.434218532825977,1.4224599072636326,29.621600895014005
Company_17,2021-12-31,168.7213035485615,21.018661318670624,0.9649861362816993,22.01835075781461
Company_17,2022-03-31,168.30860425831156,31.918431549446876,1.0653374514441856,30.98020056309905
Company_17,2022-06-30,172.2428055616079,14.184414278916918,1.02243965832572,12.16378435504903
Company_17,2022-09-30,169.04229031764604,25.13266606060331,1.4991792160789332,18.07754507153559
Company_17,2022-12-31,174.93027265055574,34.3871156034657,0.6696711450120187,36.048060745971576
Company_17,2023-03-31,181.40794081386298,29.164479607579437,1.329921785821887,25.129752593062463
Company_17,2023-06-30,198.0537661067711,19.61821069874909,1.0346307397890186,20.072144249577576
Company_17,2023-09-30,209.15929706101414,24.123909843717634,1.2449679026450302,18.04670185626595
Company_17,2023-12-31,219.98744178707406,28.96648665055753,0.1080621246973702,24.0373850988968
Company_18,2019-03-31,236.33941455270096,25.59170985372644,0.7281710716715428,20.34586108752507
Company_18,2019-06-30,231.05768538323898,24.4892885250153,0.418177478168412,17.859508405918888
Company_18,2019-09-30,254.64885020416867,36.39531815879808,0.7488916613208012,31.005692431882817
Company_18,2019-12-31,272.5992652441331,48.93158104227898,0.8267144991907052,43.630957481287524
Company_18,2020-03-31,259.11142887685406,35.504965181647286,0.8470435654176298,33.48693528850403
Company_18,2020-06-30,242.9765764345819,40.026136260972585,1.2381800342025309,39.51577222315699
Company_18,2020-09-30,257.05620148850915,22.241105217565778,1.3978483627148293,16.104938999743332
Company_18,2020-12-31,265.81142548511497,50.54813712072888,0.5922717621354882,37.434349561849785
Company_18,2021-03-31,248.62729079151654,23.055441214782356,0.5302059508968012,23.54445540291917
Company_18,2021-06-30,252.37734085797547,33.02968043803257,0.5358307788184051,31.18442823594082
Company_18,2021-09-30,244.93690179784224,27.440860440227254,0.27064053067172655,21.19695991592672
Company_18,2021-12-31,261.3571188381245,39.77010592713038,0.3540136867738777,36.19339550798695
Company_18,2022-03-31,258.72567547560897,34.95301935813872,0.4591878971819092,37.92999423495757
Company_18,2022-06-30,268.03697883091735,32.843066082593474,1.2283895696852214,30.218596931589435
Company_18,2022-09-30,275.07595827580315,53.01002582343487,0.9422565482048636,54.477107113398134
Company_18,2022-12-31,274.67152040562075,50.16352606633864,0.41931168072850544,39.36923498802462
Company_18,2023-03-31,260.9021646870251,45.91335302757014,1.3600323727572157,38.63005134146569
Company_18,2023-06-30,288.943625959943,24.713517026983958,1.1927357213414065,20.0160313743435
Company_18,2023-09-30,290.461307003071,43.60767778584889,0.23374943936853546,41.407397015771544
Company_18,2023-12-31,314.3915728047091,37.02437129931496,0.9212518484456637,28.405308073962892
Company_19,2019-03-31,382.4687957887492,24.614614407825208,0.13309402046487095,23.55098246316724
Company_19,2019-06-30,398.791375160382,56.255148583545825,0.865376377799698,44.59789135069255
Company_19,2019-09-30,435.8688757201444,54.272225625903296,1.4828997283008423,40.95251355217288
Company_19,2019-12-31,407.8575240286959,62.92086669981733,0.6660462753460089,54.82168304653122
Company_19,2020-03-31,435.92595159728995,86.61342942953605,0.2797520052357753,64.23631810862292
Company_19,2020-06-30,468.7086541508193,74.36101352638227,0.9097416838089727,60.20745548224986
Company_19,2020-09-30,452.28558842506135,46.698236382041195,0.19719337984453073,42.384436192327755
Company_19,2020-12-31,445.24579434127475,26.77792115467359,1.2204991109513061,21.24787428918839
Company_19,2021-03-31,477.1045315358223,70.43570791377063,0.8461409011718694,58.44286654004407
Company_19,2021-06-30,489.2359322964484,48.89927182355168,1.037281737277466,53.67456661842454
Company_19,2021-09-30,516.0215482389098,82.35578853922627,0.7512878571972054,59.63027999725197
Company_19,2021-12-31,576.5648816400744,77.4583336459894,1.4406753983075322,59.652303071497876
Company_19,2022-03-31,559.5362572830448,72.94906543195847,0.23534702950540745,64.20600136147124
Company_19,2022-06-30,588.3359685072386,96.14851109364827,0.5866001339345749,92.87606669281622
Company_19,2022-09-30,584.3967914664809,42.58055394708529,1.4894769030217254,45.59527365244001
Company_19,2022-12-31,554.9682045932493,72.69726610203128,1.2788466121269897,66.03697455211055
Company_19,2023-03-31,545.2790357805902,89.03892078534459,0.2787988770893287,91.7481126670981
Company_19,2023-06-30,562.3283504687879,94.07990220743172,1.092242576840167,67.21671757062344
Company_19,2023-09-30,543.4736400661012,56.53237864663634,0.22269984546937394,60.7600468236535
Company_19,2023-12-31,530.1654352337947,70.5492926587989,0.5277340349212329,60.58721095244227
Company_20,2019-03-31,261.1473127335186,49.071877109732775,0.7957488760681622,53.82513644755135
Company_20,2019-06-30,298.9222652193656,53.12259481598829,0.39191472010027006,56.96006938128238
Company_20,2019-09-30,306.1237413846772,32.78386106781517,1.3291640486230973,34.33200271845867
Company_20,2019-12-31,310.7325926814155,53.10072299702412,1.2060426108298858,43.64197912520362
Company_20,2020-03-31,314.2289595944001,23.890412150970036,1.0729315244634463,20.030674550609312
Company_20,2020-06-30,308.6396880269911,60.5987886057527,0.9973609082834647,62.355682347234485
Company_20,2020-09-30,314.4262661505627,44.314590441505544,1.1707337212641937,34.11937417321397
Company_20,2020-12-31,333.57115167563944,41.82478932163466,0.6581282388812383,31.726177078885332
Company_20,2021-03-31,330.07679034742085,17.781826227165986,0.28923280481675184,19.297656579430697
Company_20,2021-06-30,333.5925817755437,44.177475584947445,1.452151025614508,38.5668986936516
Company_20,2021-09-30,341.3398427358033,39.5704197385659,0.24793055796644148,37.84240031772005
Company_20,2021-12-31,314.451367236066,25.912593641604055,0.9674231368569614,24.878174226179
Company_20,2022-03-31,317.38452445124756,18.638269509080136,1.492812844037674,13.477560523650544
Company_20,2022-06-30,347.38888524183085,53.58657126563758,1.477150495368779,42.63733656590204
Company_20,2022-09-30,343.68219957207464,52.86663983443338,0.18720851738208777,47.77922235313756
Company_20,2022-12-31,345.3581712057104,68.90051896425793,1.2395583773084264,65.1859387033869
Company_20,2023-03-31,368.6621486136664,47.57814320480757,0.69651673744652,35.79228305252512
Company_20,2023-06-30,348.66410780989924,63.80226554359195,0.7296985083498515,49.62852875249409
Company_20,2023-09-30,335.2385692527108,58.37532147947127,1.1270601327859628,58.826093228447355
Company_20,2023-12-31,311.73867345198005,16.102764433521678,0.682615597451666,14.372323697559958
Company_21,2019-03-31,62.33971494271056,4.399092742789238,0.8494341840336282,3.4580421173227416
Company_21,2019-06-30,61.10401654875602,3.166295029601431,0.437682040639358,3.4523682085970777
Company_21,2019-09-30,59.28890269397956,7.837632657999586,0.7361282683839452,8.133447119277019
Company_21,2019-12-31,60.3829637882687,3.9075257279766817,0.7835375918304894,2.9697956166797934
Company_21,2020-03-31,65.11764548369814,7.905459242992182,0.626243599204077,6.781227927119585
Company_21,2020-06-30,63.61048019663483,7.564368444296275,1.1990231613718796,7.99428081927114
Company_21,2020-09-30,68.51588651629272,7.923209223857797,0.45653887086447165,8.211207038375397
Company_21,2020-12-31,66.04649734657269,3.6830137305454356,1.362466788989593,3.2579607468018814
Company_21,2021-03-31,72.02558109349083,13.271985367896683,0.9913375550340902,12.549636779046038
Company_21,2021-06-30,77.83977098264045,4.670215485047488,0.8257712307232856,3.5496794767291844
Company_21,2021-09-30,79.7415783334847,12.123444427727522,0.15834206084333796,8.897599617187774
Company_21,2021-12-31,88.20267255568253,13.88737921397461,0.20091807039814272,10.116993129791467
Company_21,2022-03-31,86.42762581800709,8.16571123008856,0.5895845216441894,8.246236676659565
Company_21,2022-06-30,93.76883729397078,13.990834847769898,0.3592737950144551,10.767958375884593
Company_21,2022-09-30,96.96890293624882,15.966501920327687,0.4710649996550056,11.310318448437883
Company_21,2022-12-31,95.47629611976012,5.950631774483083,1.4550040487830427,4.868675474323046
Company_21,2023-03-31,100.28415348025196,10.75958169048407,0.3879621670737772,8.054134016259406
Company_21,2023-06-30,108.86425949948307,15.486152677193724,1.184487292892903,14.828946705968571
Company_21,2023-09-30,107.86620300599022,21.06339121425238,1.2181998683164044,17.2115038960513
Company_21,2023-12-31,110.23166536905622,21.71514748107611,0.9426342254908509,20.259560804469572
Company_22,2019-03-31,404.7717388906842,28.01601764470624,0.5735745083922977,30.011695408549492
Company_22,2019-06-30,434.5732066632932,36.37044933900771,0.6210338333725186,31.7452466899767
Company_22,2019-09-30,487.94329709766373,93.4222949072273,0.43696979656550694,69.93598139842645
Company_22,2019-12-31,470.7870066718188,37.48433145766759,1.3416948602929772,35.92214664457268
Company_22,2020-03-31,500.45773370052234,89.68477812367698,1.2851200741663893,95.7448335991431
Company_22,2020-06-30,495.87660770062695,43.55589359600815,1.1570587002447896,38.512809253218315
Company_22,2020-09-30,517.9672895288572,86.22452137520257,1.0186265727535,66.47664925292845
Company_22,2020-12-31,547.358768068194,72.11672783712444,1.4785376353343116,77.52225351372353
Company_22,2021-03-31,569.2445786737092,98.29020876467901,0.39891591283494066,88.69129285303944
Company_22,2021-06-30,562.090401218546,98.9871854089966,1.125922162672751,90.76084370456873
Company_22,2021-09-30,580.0984618055855,54.89603292868158,0.8910307900026225,53.55405114024772
Company_22,2021-12-31,667.1620496737779,120.75528846960543,0.9908078955709472,121.29248223515422
Company_22,2022-03-31,675.8866617640427,34.74040069426992,0.44535041033027223,34.41330891481789
Company_22,2022-06-30,648.0300526028624,128.8099008718887,0.23884933942210226,110.8535078210098
Company_22,2022-09-30,642.1808215692121,85.57877739600762,1.1262998144415448,80.99125686800349
Company_22,2022-12-31,673.9231261660325,52.70328885058561,0.5975383961600351,53.41566412198986
Company_22,2023-03-31,682.8857252931468,112.09474533013254,0.1494358969163347,111.90345711482632
Company_22,2023-06-30,697.0449577245546,56.022955911291035,1.4413028721671324,47.461320533169314
Company_22,2023-09-30,680.0547595011988,65.17687816522253,1.3273110665594807,71.59899940979929
Company_22,2023-12-31,678.7810747303107,71.43928457914375,0.7280548833363595,70.64119170163849
Company_23,2019-03-31,419.6426979024298,46.95519627119902,1.0738654050955296,32.92908306951586
Company_23,2019-06-30,458.61062986447945,65.55306993968993,0.5976902146179003,66.71197823903168
Company_23,2019-09-30,471.93594030310663,57.6450559724619,0.9992557362673182,41.84693481431775
Company_23,2019-12-31,461.65334965612755,63.24538621467302,0.8860784231433332,58.45543603287342
Company_23,2020-03-31,508.53261262834815,86.83110450312876,0.47774900817950006,89.43775377442603
Company_23,2020-06-30,543.0223203393343,67.73570952271054,0.20788159078806362,49.00139216011935
Company_23,2020-09-30,584.1807528606154,91.2210748293386,1.204060950541369,82.72908810236159
Company_23,2020-12-31,576.8999452074839,66.93761393051098,0.30643353738879753,55.643705685714245
Company_23,2021-03-31,564.1140942909991,46.87325149856801,0.9375154116892342,46.604444917778935
Company_23,2021-06-30,571.5817549978814,114.17467114885652,1.4063586638809809,109.26813794365151
Company_23,2021-09-30,636.2221009625937,106.78844351007966,0.26567066729274225,92.26115252019076
Company_23,2021-12-31,614.6958389043365,108.16823751760155,0.6373661327062615,100.46113252785412
Company_23,2022-03-31,588.4683597319087,61.39803241447829,0.568315804238705,43.62199323397654
Company_23,2022-06-30,610.4960351985551,32.74014815094755,1.264375861146083,26.494255215346932
Company_23,2022-09-30,564.8320049778283,107.94046185782061,0.46301546241208325,94.10926522343435
Company_23,2022-12-31,580.9381433446162,105.09725087081178,1.278706993508532,81.39157456908984
Company_23,2023-03-31,586.9766742973097,71.87255306373319,0.2868719613823213,52.6280017744237
Company_23,2023-06-30,639.5257546434474,101.80667792622617,0.7950456132974196,89.054402061554
Company_23,2023-09-30,681.1005880797094,50.28989637152534,0.9543152092686977,37.92570456855082
Company_23,2023-12-31,721.2211310543364,117.34719496150447,1.0197372187739953,127.04545345037563
Company_24,2019-03-31,82.24594972140592,7.340932362022719,0.44577031870079975,7.7997540847671845
Company_24,2019-06-30,83.05330166500279,7.261510455568556,0.4807296165800834,7.288808687893445
Company_24,2019-09-30,90.91300339878767,5.437045225661881,0.782599671142738,3.879035123720846
Company_24,2019-12-31,91.49883042360969,5.434845746949095,1.3690124346821753,4.107102868064691
Company_24,2020-03-31,82.23804960804182,8.396628134786637,1.3597666839621814,5.95093687329532
Company_24,2020-06-30,87.5179190582877,13.089919756880597,1.4487522078989705,12.09596645856565
Company_24,2020-09-30,82.4307393480605,13.157853838566714,1.4738159266961453,10.560651713732621
Company_24,2020-12-31,81.89884396763541,12.131363740439067,0.3773366858636361,11.235245398980634
Company_24,2021-03-31,85.44682466464565,12.071849709294781,0.5893089209215463,9.00123366355881
Company_24,2021-06-30,87.0034885835055,6.324024689744968,0.4154437019317291,5.061665027869041
Company_24,2021-09-30,89.61606934824988,11.516438898907834,0.26067642061690444,12.023805718429122
Company_24,2021-12-31,96.55520895333457,15.296483359779844,0.19473570666000223,15.038493466343214
Company_24,2022-03-31,94.4909057982776,11.22033170181005,0.7785748019820657,8.598250322605828
Company_24,2022-06-30,96.78771459114479,18.569180080742917,1.2899655200729268,17.96770456048154
Company_24,2022-09-30,87.28832737449859,12.887774135642667,0.8636046171696676,9.342466584282148
Company_24,2022-12-31,84.62720870634836,10.737110728323898,1.2289650641259753,9.488341276474909
Company_24,2023-03-31,83.58644561029547,6.24440507844058,0.5623010908200965,6.261268733004274
Company_24,2023-06-30,81.91809356269867,10.477969593232867,0.38683378381099753,11.013729462023933
Company_24,2023-09-30,82.36122429246898,16.286804313900525,1.1808174668339866,11.577751209015968
Company_24,2023-12-31,77.57113333796879,4.637255773335747,0.7495039275372658,4.932593700881038
Company_25,2019-03-31,284.0315644362272,42.18352031712592,1.2509444248403156,35.947446268282725
Company_25,2019-06-30,289.6355444623609,48.178491333250555,1.4502673154611363,37.6518081673116
Company_25,2019-09-30,268.9154745348402,45.42739707647151,0.9086307122336205,43.330148937452016
Company_25,2019-12-31,276.99170277938777,47.00192540053799,0.6543586617274367,50.10574583239302
Company_25,2020-03-31,265.64730523134847,41.011924079729546,1.2105658906135561,33.904749196315166
Company_25,2020-06-30,272.52386754426504,48.66646432161621,1.368600556672073,39.456909967318374
Company_25,2020-09-30,270.5275294554971,49.80370061383467,1.0160095732549466,37.89273290315787
Company_25,2020-12-31,268.9622968032569,31.21267453125473,0.9614172350977228,22.890927099807353
Company_25,2021-03-31,276.9171386556902,34.83091905803189,1.4539772613628386,30.202042882516373
Company_25,2021-06-30,285.79563016951136,56.4779458262788,1.0350879983250778,53.87253399372776
Company_25,2021-09-30,274.52083133657857,14.245195596554614,0.8836579570937355,12.976801227462836
Company_25,2021-12-31,276.50764919600084,43.66139931908861,1.346361274224923,31.94978056362775
Company_25,2022-03-31,270.9032286486019,48.41760160029289,1.2466889194063187,44.36589575093162
Company_25,2022-06-30,284.4002009960595,44.51898925247402,0.5400901584572477,39.55365992821211
Company_25,2022-09-30,287.73622931575244,29.829540023856588,0.7918974261504198,30.763195706821737
Company_25,2022-12-31,312.279696882644,31.315784957972067,0.34326623039004134,30.839960649676403
Company_25,2023-03-31,309.6989428889829,31.64851024759378,0.7304913704675776,31.633652372936176
Company_25,2023-06-30,309.5331198687941,45.70941750995796,0.9692999944698035,38.43933367882251
Company_25,2023-09-30,314.1293276188024,61.841302757982575,0.9877989936140315,46.412262374887334
Company_25,2023-12-31,339.6544142098794,51.43272477278336,0.5551456216043785,50.12277846544115
Company_26,2019-03-31,84.11739776969613,7.072332862978362,1.271857575340116,5.740686387372924
Company_26,2019-06-30,84.7108250922091,12.40439981029973,1.0718108029137634,11.22674967627451
Company_26,2019-09-30,82.16809700040726,4.517470765780315,0.5255249617370134,4.342487060654445
Company_26,2019-12-31,81.0270082164342,15.455555245913462,1.3196862751682727,15.554871262415313
Company_26,2020-03-31,85.21902746317797,7.588160302642124,1.3700730429881618,7.347561933010777
Company_26,2020-06-30,91.6517850778191,12.287396892815448,0.2553852568988735,10.79843738492401
Company_26,2020-09-30,98.55811675764036,13.009398704475673,0.6325607685585735,14.189613064436166
Company_26,2020-12-31,99.9360520521752,6.656549449294721,0.6915677996367224,4.771480345853908
Company_26,2021-03-31,103.59361327302086,9.531192486570479,1.3016783475187692,7.785910021646279
Company_26,2021-06-30,106.65221304626462,19.90295864968739,1.1555466650354975,20.3400815733125
Company_26,2021-09-30,103.79692692008085,18.103138958442848,0.4941296777809019,18.992030884582057
Company_26,2021-12-31,111.5089457759392,7.458505386278773,1.085160368445114,6.834074770558658
Company_26,2022-03-31,112.49320188590448,5.833965557866833,0.7562751516503081,4.786804352529028
Company_26,2022-06-30,112.77827768022948,15.761172861437906,0.516132930792064,12.923651787370718
Company_26,2022-09-30,120.39254590829536,22.13361271611948,0.35946225134020027,16.192678042262926
Company_26,2022-12-31,133.09765177595693,11.436618767510845,1.2124095901802663,8.164237386505073
Company_26,2023-03-31,136.2257937320856,8.111719693814958,1.2639229201399937,7.621702090051665
Company_26,2023-06-30,146.8641993063718,9.875141353373822,0.23140019875269868,10.505676315664154
Company_26,2023-09-30,156.96256424567264,28.543145528205546,0.900481292867651,25.888020478217154
Company_26,2023-12-31,164.03446682270186,18.792462954817086,0.543725222907567,16.421575466272152
Company_27,2019-03-31,423.8491329355141,49.38139184510889,0.9499254102062555,47.036912553181175
Company_27,2019-06-30,437.20058245491384,60.66358072233248,1.0836872823197228,48.225932255608114
Company_27,2019-09-30,424.8387800158367,45.74523750162562,0.7827338960697701,43.956127714029755
Company_27,2019-12-31,433.97624590011253,83.5749969669321,0.9409114931676982,83.36084159248654
Company_27,2020-03-31,492.3652310763458,29.856945101936695,0.4561482131785858,25.22139274687241
Company_27,2020-06-30,504.84773305723013,61.02296652680803,0.16390824370333723,46.133950895942654
Company_27,2020-09-30,509.3864498045573,40.45275014621845,0.9550920995060755,32.858688297354874
Company_27,2020-12-31,466.9073199101082,37.84231850150071,0.8232016798243706,26.572963833224073
Company_27,2021-03-31,501.56303908980436,68.11592036581615,0.8177348163389829,55.67764878003191
Company_27,2021-06-30,497.1109124283271,94.33328686527659,0.6558210577320682,69.31959958730808
Company_27,2021-09-30,485.0256404956828,49.36759341748263,0.8103767142049324,51.82062025426301
Company_27,2021-12-31,501.24153733328546,62.16998386795432,1.08316227244433,68.20835145333027
Company_27,2022-03-31,501.26379616164905,54.73119503737877,0.6905594499543638,47.31010638009783
Company_27,2022-06-30,494.92539635284663,92.12623009381845,1.099645702253599,86.88996731709378
Company_27,2022-09-30,527.6213480595733,101.967614585205,1.2496775955703172,71.44116622682326
Company_27,2022-12-31,523.8654142513778,76.20157082576014,0.171589534018941,61.193129516227025
Company_27,2023-03-31,538.1372804942785,82.32880835397093,0.26028269329226716,70.2705649841846
Company_27,2023-06-30,532.358416215303,63.05012260984085,0.6166742304652831,47.18734227466758
Company_27,2023-09-30,583.5020492765162,35.39007012924991,0.21225201971466484,29.795201449642963
Company_27,2023-12-31,580.8489398587202,111.09250417766874,1.0360017054120796,107.9228109231302
Company_28,2019-03-31,216.0719826053759,31.419979211541445,1.3786017266067314,29.69280370445344
Company_28,2019-06-30,220.59706602753624,39.94015524803594,1.1135622776525314,29.884157420673457
Company_28,2019-09-30,212.3938750644,10.992655615771081,0.6908479641786945,8.99217128778997
Company_28,2019-12-31,217.79462339497434,26.766975347211797,0.9080798414283711,19.205187811129658
Company_28,2020-03-31,223.89130899749148,22.71939363592921,1.1208428825692272,21.831443837066246
Company_28,2020-06-30,216.8647585511366,38.35050582899591,1.0694899573369154,33.44058379610408
Company_28,2020-09-30,208.2591655563287,19.981847325944948,1.2045792238891107,17.5554077761849
Company_28,2020-12-31,221.99546292813707,37.68529513932117,1.2513913231355898,39.30670251557749
Company_28,2021-03-31,224.94457562479732,22.006332950451558,0.9150782452317593,18.67169063819386
Company_28,2021-06-30,238.56281328324334,33.43723229772393,1.0878202077013543,32.61340601570296
Company_28,2021-09-30,230.32086850942247,26.390027098481536,0.2996318017146722,27.868892920448584
Company_28,2021-12-31,230.1963306997219,23.452774885024883,0.3162436461126533,16.655670653276513
Company_28,2022-03-31,249.8816705857407,25.260694252356597,0.2003966443867114,21.821490085001287
Company_28,2022-06-30,272.31709410993886,26.328331289272583,1.047968895629013,24.80949460959374
Company_28,2022-09-30,260.95672109672654,51.72302996287627,0.7356022696745608,50.445972541988176
Company_28,2022-12-31,258.44547899688405,18.371065804377647,0.7798255795231569,13.062097620167817
Company_28,2023-03-31,270.6736232840102,29.132874628286462,0.15459441760487622,20.753744710149597
Company_28,2023-06-30,276.17401270166215,29.881479690529634,0.32403491104847165,21.196153860235533
Company_28,2023-09-30,278.1238556007872,25.973073459050138,1.360116456223073,19.387745719233475
Company_28,2023-12-31,305.91742845310597,59.16070591724267,0.5395534043282939,62.4359294993708
Company_29,2019-03-31,303.0141674070196,30.622025619115796,0.8579706502866192,23.323511317889594
Company_29,2019-06-30,286.5563009168317,38.12824229874499,0.8583867373740055,38.3097603766621
Company_29,2019-09-30,289.14740001853676,27.5702009492979,0.46306885624393224,21.445467979499192
Company_29,2019-12-31,312.679962997571,18.33778473021213,0.5794271703685987,14.81874691200087
Company_29,2020-03-31,319.8890435813008,32.65797016004731,0.9126546413911744,24.678931799603014
Company_29,2020-06-30,334.1873140482901,38.968433882287016,0.9767280499894893,34.89853685095996
Company_29,2020-09-30,345.7478852450652,46.81654704253176,0.9689246717544177,36.5414780362123
Company_29,2020-12-31,368.2122485312925,40.23479596560493,0.15524334604725903,35.817756292137204
Company_29,2021-03-31,347.5091229579251,67.62677902559037,1.3732364553121388,66.87323372151383
Company_29,2021-06-30,358.6454871424188,46.626780453441846,1.317956823506759,35.07550557788297
Company_29,2021-09-30,359.33116228261144,60.7742541847987,0.4860745955518997,63.86378829491596
Company_29,2021-12-31,371.55060274219426,71.19144148333416,0.3083143571671619,63.00942634384558
Company_29,2022-03-31,378.73134162405194,67.99444384491159,0.9242241309838477,57.804250030380196
Company_29,2022-06-30,393.7011315030182,36.56205295147452,0.3845123275205221,36.73459939062772
Company_29,2022-09-30,406.3088442808409,50.32087173243562,0.9081906409263837,52.647248820505276
Company_29,2022-12-31,365.2768264199612,72.00004456640072,0.6706178920033437,74.23259090495799
Company_29,2023-03-31,380.15635107315273,73.52492658907109,0.38066432173976383,54.68090582908085
Company_29,2023-06-30,416.1176145370641,74.10817321608364,0.7148097432872476,76.98264707374045
Company_29,2023-09-30,421.62588146587325,53.36302628907803,0.9772295155304942,57.12795016102752
Company_29,2023-12-31,451.21488087253834,23.854563984258046,0.7675808556449438,23.260318574798408
Company_30,2019-03-31,368.22260788424956,34.947764045101444,0.6022017355838188,35.70874752080446
Company_30,2019-06-30,383.0813527774468,35.17222399256766,0.3949869494140844,38.090787269536605
Company_30,2019-09-30,408.9992014204326,38.52482474530607,0.12004138873388398,38.33789487670877
Company_30,2019-12-31,427.67176180285423,74.89460149978434,1.1366665847349269,56.70570718645944
Company_30,2020-03-31,453.3408246298068,67.44853629539047,1.1725623059138206,70.03644057763432
Company_30,2020-06-30,479.50519379584284,68.109213646496,0.22404659955755069,60.96122821998598
Company_30,2020-09-30,485.18572486438194,53.8876247967308,0.19241378179633822,45.24018138008859
Company_30,2020-12-31,476.818632877979,31.779825901558393,1.231529294012911,34.29282232074785
Company_30,2021-03-31,441.2094677008089,27.147314682886787,0.8008739752985848,27.630705680714946
Company_30,2021-06-30,454.7390172095224,70.96792232363637,0.17031641604956327,51.747022342401415
Company_30,2021-09-30,427.28278791228183,36.258212608988565,0.49340629847219897,37.03388807993673
Company_30,2021-12-31,419.53348518074995,79.45301683922199,0.6671437723385929,84.41441287171044
Company_30,2022-03-31,422.37551322151126,35.439142754397075,0.9966664590461815,38.68510052589351
Company_30,2022-06-30,388.5039037563628,54.59410874324808,0.6009397177589684,52.36268255714572
Company_30,2022-09-30,337.61936883268095,46.55086345647945,0.9746974079051633,33.922094721587264
Company_30,2022-12-31,347.4753145723305,52.95266078018031,0.43870435244174144,52.189139171021495
Company_30,2023-03-31,362.70094915157836,48.19394125047992,0.8282378492350516,36.49006115009492
Company_30,2023-06-30,379.12169345948666,63.048666506693934,0.4799731326254001,56.66046018214577
Company_30,2023-09-30,373.5350863923251,53.951037624227475,0.17606484875206535,53.92180121437571
Company_30,2023-12-31,373.3617205761997,36.454298875455756,0.10018857020627946,32.9711509751024
Company_31,2019-03-31,75.89959894737785,4.508697518258266,1.2750738892984033,3.1629774131050628
Company_31,2019-06-30,73.49787291558316,6.396048051449249,1.1372656786129,5.286385265977552
Company_31,2019-09-30,73.9646748112754,6.698166465351294,1.2797966630247768,5.528259131168493
Company_31,2019-12-31,72.56844719574065,12.216163022649383,1.3486210027350287,10.671147843699357
Company_31,2020-03-31,73.19884613554372,14.245356457465897,0.2250053343358021,13.88648325802031
Company_31,2020-06-30,77.42993459790968,9.606895058311911,0.6427083276379059,9.15618518933241
Company_31,2020-09-30,81.00039799402813,12.146642457288872,1.4524665071801481,12.200271293966795
Company_31,2020-12-31,79.31395356400392,15.277129036839042,1.0835567021487298,12.515343146227188
Company_31,2021-03-31,81.70647064656714,11.979997450808009,0.16746041735061473,10.111359681027988
Company_31,2021-06-30,82.1775777546106,15.903002572614081,0.8005616039942817,13.88477882617643
Company_31,2021-09-30,77.89825409971212,8.203159437647376,0.6177385583820473,5.9140022375367955
Company_31,2021-12-31,78.64041972266794,12.986297056960694,0.6831062046654305,13.361236837655046
Company_31,2022-03-31,78.65354418029652,11.688154381805823,0.7611945258281744,12.296671200469246
Company_31,2022-06-30,82.12422639353221,6.763841776523839,1.0489384804340618,6.3789849212722824
Company_31,2022-09-30,80.71987692789595,11.926036036452205,1.134036441385263,9.853898455841103
Company_31,2022-12-31,80.6473763369435,11.832977470484996,0.6531832706561045,11.658828622010713
Company_31,2023-03-31,83.03572007244041,7.731575423359362,0.614900382858614,5.591759719951313
Company_31,2023-06-30,84.08104480528714,5.6104617383426465,0.8222066637972593,4.527850606537043
Company_31,2023-09-30,79.35014456297893,4.197554774254678,0.2741157586007143,3.632803455954352
Company_31,2023-12-31,76.43872588534329,9.473027424642966,0.6660056461568167,8.64295407259969
Company_32,2019-03-31,323.85938243623224,62.99870949155656,0.8266451921813681,61.17281203444844
Company_32,2019-06-30,326.0795870051799,31.557845048965902,1.1835879294138676,31.847186078301554
Company_32,2019-09-30,339.75007813642685,23.385858198169846,0.1237267308454134,23.5744250308419
Company_32,2019-12-31,346.8783177483708,59.34162913178046,0.26829012076880676,47.84318758312521
Company_32,2020-03-31,355.5824711209662,36.34562723681307,0.6204350128688624,25.461618416038178
Company_32,2020-06-30,390.23434120762715,37.06058626559919,1.0050422382931026,40.38409727572885
Company_32,2020-09-30,401.42122154175075,67.05999159496942,0.741194062605,57.61808675659152
Company_32,2020-12-31,414.3460455077581,39.54409243000797,0.1919728025361121,31.291008824922102
Company_32,2021-03-31,420.4938063405328,68.16905185069434,0.7633337597571251,49.29561680494138
Company_32,2021-06-30,394.3561465804239,76.3743516017821,1.4198140467317573,77.44938301823115
Company_32,2021-09-30,402.65510526403204,78.28229397561408,0.2058470568634511,66.24813691757754
Company_32,2021-12-31,415.3528522431459,34.809555488475354,0.37416631778797804,26.327204066900975
Company_32,2022-03-31,450.27662957873605,61.572969606203465,0.30574779342349356,63.07839841753554
Company_32,2022-06-30,471.8379247287857,68.60202862388473,0.6434319885777937,66.52010236895646
Company_32,2022-09-30,462.1450169563497,86.70897742753418,0.5067063079399885,76.99716505323889
Company_32,2022-12-31,442.32875024887545,81.17669003986754,1.0908098903745385,58.84346383184801
Company_32,2023-03-31,432.70493945599156,30.350455657319294,1.4411077694794787,27.675484546155314
Company_32,2023-06-30,486.56672454820574,41.98292039841293,0.8008449996165905,40.80102281103343
Company_32,2023-09-30,491.6747254993209,84.0984167076379,0.7435308185637257,77.25540059674722
Company_32,2023-12-31,492.720876002242,56.6246657635778,0.16145991970020718,43.391476387585634
Company_33,2019-03-31,261.1129403349281,22.533151015380177,1.4448777657184797,17.548148365669814
Company_33,2019-06-30,271.1800720855956,52.26032428802572,1.4927470115523314,51.460172854206824
Company_33,2019-09-30,277.2539829462378,24.656548116292875,0.7117942399318692,23.11364918665255
Company_33,2019-12-31,287.3993142453971,17.52050433385184,0.9712805704641445,19.14064525020555
Company_33,2020-03-31,301.03221952728893,56.04762932600854,1.4211822299483092,60.75867031157386
Company_33,2020-06-30,298.30567972126846,38.24843978246579,1.4682310711881053,38.36028138941736
Company_33,2020-09-30,303.00563756520586,47.79904124474396,0.4462764421467167,45.70764550350577
Company_33,2020-12-31,290.22904233517164,43.531474914838626,0.3277796413319922,40.3116312818994
Company_33,2021-03-31,295.9414528698987,15.334344737941226,0.11265385671100905,12.923965733357724
Company_33,2021-06-30,324.9770846024398,61.39763145037697,0.42014749144505226,58.55771320520206
Company_33,2021-09-30,320.17276348376504,56.736635080926334,1.1204060191779257,41.88069815020992
Company_33,2021-12-31,309.2197910629941,35.345461956805956,0.14083766910337026,31.540737122627966
Company_33,2022-03-31,303.09459993646016,28.288649744774354,0.6569712757030196,30.206971255721434
Company_33,2022-06-30,314.293849706679,62.54078386599649,0.1628758185938622,62.81616153165198
Company_33,2022-09-30,299.4573811339676,48.85340109663559,1.3857970050035722,52.779819184242086
Company_33,2022-12-31,281.4411197232306,38.43596001099026,0.5999696230207039,39.013254075997175
Company_33,2023-03-31,292.7899159345079,30.387719437594317,1.0192835031910266,24.193473493560244
Company_33,2023-06-30,275.5209396720875,21.694227250114746,1.385534721345612,16.069379968202675
Company_33,2023-09-30,260.00537750497136,14.518568846860296,0.15042634560799695,11.180585937517135
Company_33,2023-12-31,265.6289763201486,47.81734711181961,0.49547024156783726,51.65151740827815
Company_34,2019-03-31,348.7704267995915,44.469888791283346,1.1622867552602552,36.15394960901345
Company_34,2019-06-30,328.46777460887614,33.81824019850534,1.351732023546551,36.47576561861784
Company_34,2019-09-30,331.931132406469,55.45069738592616,0.7668700266215382,49.85106088166509
Company_34,2019-12-31,353.8659733212801,28.55769756772324,0.927582424561923,22.116633367220974
Company_34,2020-03-31,376.63525626386325,30.530570383419764,0.19962159924280592,22.214135733696214
Company_34,2020-06-30,376.24427508968523,71.9069322443276,0.8096886131465684,62.110679014291776
Company_34,2020-09-30,391.9851795815136,39.131353244754,1.0710652804633134,39.461978992203626
Company_34,2020-12-31,407.74876077952007,60.42738898593421,0.3122331047201391,63.47010340770783
Company_34,2021-03-31,379.6428918292856,43.19737329249716,0.15259952655847034,32.44756528239694
Company_34,2021-06-30,393.30342684439086,64.82899540034096,0.10001628865751261,56.18251445168577
Company_34,2021-09-30,387.88158022724355,76.00994334211195,0.4165754637495407,62.45581131719705
Company_34,2021-12-31,396.30156651498015,37.88301238632389,0.4225833269642898,26.540441798567112
Company_34,2022-03-31,417.6894326594841,67.36681001790534,1.2877955307267346,58.545239341828015
Company_34,2022-06-30,402.0512648732729,38.371626310954746,0.5554131876322436,37.797914215616544
Company_34,2022-09-30,400.7565741170369,42.33638585017572,1.36271627544881,43.296465340176134
Company_34,2022-12-31,418.03040263003203,82.6566333275568,1.155947563554913,70.85971995229775
Company_34,2023-03-31,462.7366570121591,28.58249017546985,0.8622957427454111,28.117405367258698
Company_34,2023-06-30,494.6390652578126,37.146501274211055,1.19288440439578,34.67659742603461
Company_34,2023-09-30,520.6187478514155,49.19013491590738,1.1001938296997391,49.36732334079124
Company_34,2023-12-31,491.9045335773276,32.15943680211876,0.8193962498894748,29.057859226173402
Company_35,2019-03-31,232.1943876141535,27.69090397034602,1.3893923295352062,27.077222888967093
Company_35,2019-06-30,248.3961279668742,39.58121735981662,1.3063672653022833,32.046087011833094
Company_35,2019-09-30,246.7075417028065,25.115146697917968,0.5698546359777797,27.410926963039444
Company_35,2019-12-31,258.3030950689705,46.10208714382945,1.0816378062263636,45.678994673681885
Company_35,2020-03-31,271.6523480704577,33.80409572417447,0.6327247938178523,25.867371861345546
Company_35,2020-06-30,278.2802418716664,46.731836954395106,1.128221504905828,39.89693266524063
Company_35,2020-09-30,283.00698495376696,24.1252164815221,1.0868194140607343,24.773008864773445
Company_35,2020-12-31,295.10263513944363,38.943085686169965,1.4538493853586048,28.065015762247313
Company_35,2021-03-31,327.8475656071583,58.814565049428474,0.35095785667090607,59.99093826178366
Company_35,2021-06-30,335.0591694495993,44.531394533355865,0.6551751547859485,33.51815773480025
Company_35,2021-09-30,323.0449305815379,58.37812945652127,1.041784191892457,59.468198515900966
Company_35,2021-12-31,313.1582230869483,27.423323473274504,0.9748237394497984,25.4679964474107
Company_35,2022-03-31,320.5134775111361,29.854198810327954,0.5294872393309976,25.11285650077456
Company_35,2022-06-30,316.67108938738943,45.34535796967436,0.5676699519362769,45.03155087199478
Company_35,2022-09-30,312.15526151858074,52.30597686568726,0.5000616544297883,45.66870156300296
Company_35,2022-12-31,316.03292511429197,48.29507156816211,0.5654386200081968,34.89967342304829
Company_35,2023-03-31,330.90317119755025,48.397950629773746,1.0400708081340897,46.11902962317823
Company_35,2023-06-30,334.98181288972813,26.74790276340193,0.6856674097431921,26.757957817497633
Company_35,2023-09-30,336.75278013636427,30.795323203919885,0.7048264986323083,33.63303513727776
Company_35,2023-12-31,334.59693938699945,20.117768797535206,0.8261813921328329,15.525805039540673
Company_36,2019-03-31,490.9325297477412,78.8843878275461,1.0863761992384233,68.55774737470261
Company_36,2019-06-30,478.0643745630787,48.752347671650064,0.6566573299740187,39.28027867530483
Company_36,2019-09-30,485.6312260122082,43.84281787832672,0.5024463308561501,42.20758710738942
Company_36,2019-12-31,460.14420126620564,89.85723559704263,0.945092080783125,65.66692976120642
Company_36,2020-03-31,456.7695017480023,63.88226972702775,0.9731082896063725,61.28877274415928
Company_36,2020-06-30,459.7007033134159,41.4237702067026,0.12115495790026505,44.986469108779126
Company_36,2020-09-30,487.54469571797756,76.05428152018632,0.9540103839112799,62.757175883839516
Company_36,2020-12-31,469.30410584638616,42.54919303797679,0.9367355957837843,44.52510324814082
Company_36,2021-03-31,491.63069197565284,39.52459791930386,0.9226202195531625,38.75212276537447
Company_36,2021-06-30,509.83551142208694,77.50355421226892,0.6714123672133773,54.72975147770398
Company_36,2021-09-30,481.00157282014413,56.536028725559,1.4406134211173443,48.599168980189404
Company_36,2021-12-31,502.9894716002879,88.51117853779633,0.36395684804895156,85.76593345658094
Company_36,2022-03-31,512.4569368361294,32.74283253942704,1.147738089546724,34.89794827741898
Company_36,2022-06-30,518.2386231263908,59.650895852004155,0.4621962990176173,52.12064595233419
Company_36,2022-09-30,573.9384932668943,83.5959994029638,0.4388309119732281,82.39397999695568
Company_36,2022-12-31,625.0607467542833,39.821821941742776,0.3789784710535211,41.852257742054945
Company_36,2023-03-31,613.0669040787789,55.55670477412429,0.446583678391841,40.27919532316895
Company_36,2023-06-30,604.1608489062129,71.79912626099929,1.1258268647006313,67.68451146651594
Company_36,2023-09-30,598.7217929484908,115.38782324305639,1.2738885673802347,117.93052401624888
Company_36,2023-12-31,617.8630633974846,107.16684740631794,1.405794711385866,98.34718587913856
Company_37,2019-03-31,152.85758065630483,24.56231915366072,0.8300286338336321,17.866225372811396
Company_37,2019-06-30,161.12212767255696,17.025282320629373,1.3890732518487003,15.897860700682248
Company_37,2019-09-30,150.50583824500893,15.84334894362738,1.353484524814437,15.313946908539558
Company_37,2019-12-31,155.6596747088213,26.16764500357319,0.7360835922947171,24.914185703788363
Company_37,2020-03-31,165.23826945827946,18.86032913279273,0.7195637207406438,18.100803494870938
Company_37,2020-06-30,160.13799274729618,30.49701454289855,0.1896088852520693,31.40879278144056
Company_37,2020-09-30,159.50503886477304,8.499544896925805,0.5214645089680382,7.658536153181024
Company_37,2020-12-31,148.55099575639468,8.679301621967282,0.7875340211364311,9.294180249294719
Company_37,2021-03-31,153.39420641650094,17.095885239488407,1.0172432003340732,13.74670967335003
Company_37,2021-06-30,153.57726414047713,11.353021006925335,0.324647659979717,8.267233320729998
Company_37,2021-09-30,160.81616225720018,29.309323187091366,1.2397759598276266,28.54885539683438
Company_37,2021-12-31,155.6792132765018,10.362752506299877,0.5048624248143297,8.538107543896654
Company_37,2022-03-31,159.56812483268527,20.797003939735326,0.5996403652395542,17.50100456904565
Company_37,2022-06-30,149.51728300657348,26.058371423149318,1.20500998764756,21.44912323797813
Company_37,2022-09-30,143.94374056993541,18.114617739017177,1.4175691375471429,19.029909036770103
Company_37,2022-12-31,137.0101676116834,8.95843644235915,0.6498230405799826,8.253841762613803
Company_37,2023-03-31,130.1550420492931,23.27465204706905,1.0477170961955722,24.09306678174867
Company_37,2023-06-30,132.8514123828624,23.75577773147238,1.1476981951320357,20.802560180268518
Company_37,2023-09-30,128.1815294329856,19.361411457767645,0.3509545580349931,18.92732544156396
Company_37,2023-12-31,133.0461476342395,11.23438000054533,0.26457182021030795,8.606813508566681
Company_38,2019-03-31,54.39767093812921,6.921559785453965,0.32590792147753717,5.076422386783471
Company_38,2019-06-30,57.98371348755389,3.0655609507595973,0.332047447751309,3.2382814418566723
Company_38,2019-09-30,57.08618400758916,3.7563749570999607,0.4113058266474384,3.4096233398858677
Company_38,2019-12-31,54.63574554247761,7.712540419079697,0.4434932398326955,5.576882937957572
Company_38,2020-03-31,51.96510249202353,4.3096264430755555,1.4438079237988373,4.079148458563215
Company_38,2020-06-30,51.53697759128533,6.881823656588791,0.6820851449326506,5.998044264075864
Company_38,2020-09-30,57.38891165897158,8.913755625769197,0.3403714707876294,8.022782080975217
Company_38,2020-12-31,59.65466657246209,6.669016748786006,1.3187377527771378,6.352689068592501
Company_38,2021-03-31,57.82357865525232,8.144201452246609,0.2640854679523268,6.799452329544508
Company_38,2021-06-30,59.227787144214986,4.230421380303453,1.0689031058341165,3.3103083070545143
Company_38,2021-09-30,62.95455088765202,5.077124467763325,0.8109270895422906,4.405464891252642
Company_38,2021-12-31,63.475120274871365,3.3463198665302287,1.2098613590019378,2.434843781772412
Company_38,2022-03-31,73.06238051380276,10.540268960407499,1.0640842810310258,8.446011889314407
Company_38,2022-06-30,70.46148022628314,3.6285419174444313,1.1128211272968769,3.3174403118464726
Company_38,2022-09-30,73.1816649508178,12.916485205837395,0.7791325239713561,10.765262139715832
Company_38,2022-12-31,76.06926414332916,12.835450706827729,0.7318117582409568,9.926640802574807
Company_38,2023-03-31,74.54773218219502,8.064119931769044,1.2249527232476447,8.553689519258855
Company_38,2023-06-30,75.80190617706826,6.103638569312443,0.19376305683538014,6.414559024336848
Company_38,2023-09-30,80.53357820714224,15.72094947802468,0.193190619079912,15.081534490956486
Company_38,2023-12-31,73.09674787622293,4.46736720234355,0.6256564998531005,4.563530936026046
Company_39,2019-03-31,236.75645654059753,24.286022773376185,0.6215465832633711,17.667728718181948
Company_39,2019-06-30,233.33866795844955,24.60232610883053,0.7499339276349148,24.334040224878265
Company_39,2019-09-30,253.04874864674676,12.969900317290064,0.4047343594127505,12.511721926928304
Company_39,2019-12-31,270.35736497796546,33.145381787662295,0.10743886593568433,33.86788007917626
Company_39,2020-03-31,279.39451932690747,16.755149310064755,1.1731210693456184,15.640687843746365
Company_39,2020-06-30,306.1187345440627,51.21182652795794,1.1524457893541766,52.29755969384878
Company_39,2020-09-30,294.7271161666836,44.40760180177118,0.9686632990727587,44.26999485053286
Company_39,2020-12-31,301.46590953762245,22.755295277218814,0.37296527986040484,24.033319286841838
Company_39,2021-03-31,312.86136054923026,51.24897417479508,0.9360174283864225,49.283734621088364
Company_39,2021-06-30,322.5287360850757,59.14183263320161,0.9103294563167167,56.35959558808841
Company_39,2021-09-30,327.4892532258286,51.56631594253616,0.47931977764291156,40.26822234922608
Company_39,2021-12-31,314.1093457077215,30.491857294923143,0.43810087918996676,23.96553429020196
Company_39,2022-03-31,333.75135173962,42.072343963730226,0.3630885331414522,30.745992194473022
Company_39,2022-06-30,337.810734791072,52.165889577308,0.6359182702109429,53.66473966843015
Company_39,2022-09-30,363.28736790287,32.98355252593426,1.0693024914454814,26.572367705053068
Company_39,2022-12-31,381.39329752282146,72.79282847273439,0.990923994146724,60.40383265393084
Company_39,2023-03-31,373.4336022997976,57.58202145269045,0.4062018581970982,54.01892118868066
Company_39,2023-06-30,369.5206188373792,33.14424577919464,1.026756522711416,34.00519710862737
Company_39,2023-09-30,390.07757713173055,30.48782403445255,0.2237389257783262,29.865248380920853
Company_39,2023-12-31,412.6932310029633,43.43682181890769,0.7052847169646862,30.94698231063024
Company_40,2019-03-31,173.06183598525223,9.664966719123578,1.0335863478279212,8.01429612181856
Company_40,2019-06-30,162.98269067662088,30.10092729890967,1.3433654645076503,24.987268810966505
Company_40,2019-09-30,168.97277744580003,14.759993534583181,0.9073833584008588,10.729074216336558
Company_40,2019-12-31,175.0233205042765,11.24309389690539,1.4984496568466068,9.33914002851786
Company_40,2020-03-31,185.14657029893053,33.086338394495264,1.4966796163630192,26.356530649062673
Company_40,2020-06-30,194.51932653624618,10.903318676701728,0.6756681251924203,8.199647472420741
Company_40,2020-09-30,198.02741171110645,33.18161918346808,0.8926529677150992,27.378525479207198
Company_40,2020-12-31,200.65625744040148,29.727485558252443,0.42482545243233494,20.980249582942587
Company_40,2021-03-31,210.91049439524943,34.66216823160652,0.15451322336273185,35.87007031006293
Company_40,2021-06-30,229.14300345523105,32.75116430209028,0.8887534909976961,31.108549937540296
Company_40,2021-09-30,236.58222954396328,32.445491896451855,1.4869508198920722,32.532837328885854
Company_40,2021-12-31,253.67634219832604,29.51373832148961,1.0903558000460987,25.25467534034729
Company_40,2022-03-31,265.09005416762403,50.16227910834816,1.4007953280216479,41.97389457142171
Company_40,2022-06-30,251.84474776720964,32.52615714581694,0.3962902579978057,35.721931572801765
Company_40,2022-09-30,264.7581881588128,36.794433712600316,0.17468719578445677,32.44922218158348
Company_40,2022-12-31,281.77196609885425,42.60897776368574,1.0485442594371586,36.18563377517504
Company_40,2023-03-31,315.05750798664576,48.698555859212604,1.0080945394763416,39.45144447751613
Company_40,2023-06-30,321.4168756045146,23.601957868649137,0.9903164575573952,22.17925182634051
Company_40,2023-09-30,336.891183487346,39.8460738221839,1.0348648282444142,41.23856786624392
Company_40,2023-12-31,328.80892221706983,24.81167936134975,0.12680281519557135,25.10051297824505
Company_41,2019-03-31,344.5801111439725,58.72390772961206,1.4452882057003544,53.695616258558104
Company_41,2019-06-30,360.08219211300127,44.388896342520994,0.6626420798470221,33.80109774759883
Company_41,2019-09-30,337.4919266992073,63.51467344184196,0.9164671259879366,59.52189159655948
Company_41,2019-12-31,353.33376666844265,36.47771843010118,0.17278509276879048,25.997578955145652
Company_41,2020-03-31,346.1357324146763,48.81449893365921,1.3333622078955203,51.409767001347475
Company_41,2020-06-30,350.47964587219946,52.17128258713647,0.39572456406210343,54.529358435246365
Company_41,2020-09-30,354.57203673401665,56.949202212576246,0.5011273684979721,58.14833172966431
Company_41,2020-12-31,365.4197902002014,72.93255913437967,0.14203640746114993,77.23166702285415
Company_41,2021-03-31,378.0021789460122,45.26630057564414,1.2863431027999233,32.81614986827368
Company_41,2021-06-30,386.9755021353302,38.810491920692265,0.19382315285169396,42.30876306520145
Company_41,2021-09-30,401.3529385802958,76.5359122173359,0.21914488056769948,65.37996394886174
Company_41,2021-12-31,415.5698652211149,25.20648715095767,0.39511034217004004,19.957143210378174
Company_41,2022-03-31,387.936592086686,25.27279499947144,0.3344875247317508,19.179782550063454
Company_41,2022-06-30,391.216397083865,76.66335969896629,1.163009509685863,83.34108991518006
Company_41,2022-09-30,365.74403797433325,62.08284851392597,0.5567554852576054,50.89262301468307
Company_41,2022-12-31,364.5953148358362,30.945355056326715,0.2815505695139295,24.836284732227185
Company_41,2023-03-31,396.84841533037826,23.56673454004659,0.39470971553148015,24.123132324983047
Company_41,2023-06-30,382.1934507499052,27.532562082289548,0.5797032051315302,28.7953036360286
Company_41,2023-09-30,353.18306450497533,47.50709713567033,1.2253268466768652,35.86117861444231
Company_41,2023-12-31,357.5960123463397,49.02815216878433,0.8077122645458095,37.145273176128576
Company_42,2019-03-31,335.83632946395096,20.936321783449007,0.7434176800990722,17.221912361140795
Company_42,2019-06-30,312.72665361047126,54.21341130544189,0.17977021779631558,47.02703926204836
Company_42,2019-09-30,346.1704449022375,47.1287300507327,1.0340972720718535,47.63864944335141
Company_42,2019-12-31,347.53361623684907,62.32335841668172,0.5394256954114587,57.03890365276011
Company_42,2020-03-31,349.63822083770515,27.717562118998302,0.7851495523692241,27.62489068781465
Company_42,2020-06-30,371.4059617230438,46.01176150187537,0.7764532086391358,47.635616338685715
Company_42,2020-09-30,396.50277764632733,44.020023912899326,0.5595263479496752,38.80787543791985
Company_42,2020-12-31,397.16678061911324,65.2811296264154,0.27640283900959195,50.8257780554748
Company_42,2021-03-31,442.9231061884839,54.67605344899819,1.002643348007546,43.29964475178627
Company_42,2021-06-30,487.79030697860475,64.82700993707701,0.6210425573456559,62.53647096196189
Company_42,2021-09-30,502.8331640578385,39.11567005341946,0.4901002883610509,30.802961192156232
Company_42,2021-12-31,485.30182224408094,37.57481727401392,1.2559953321849338,30.596535951274113
Company_42,2022-03-31,468.1982623488163,49.71433862485904,1.2168251686874996,42.10587187503328
Company_42,2022-06-30,482.7250832409836,30.437063254341066,0.879498875299463,31.595143003857707
Company_42,2022-09-30,479.55806167664065,72.37235725167331,0.40870596880990595,56.97752753441797
Company_42,2022-12-31,500.7515703568895,90.69150048092487,0.4495365338363222,73.03376907798358
Company_42,2023-03-31,524.1571328154924,85.19642939214593,0.3128679943942885,75.2565140805161
Company_42,2023-06-30,566.8492202953428,58.20572639545681,0.23128713675982307,52.06223968278398
Company_42,2023-09-30,551.6433092836946,47.287966682632124,1.3718083726311254,41.95519021456338
Company_42,2023-12-31,544.2573692492439,65.28090222782609,1.1648058994373953,49.73078774532103
Company_43,2019-03-31,300.7630594163069,60.13265790472619,1.177228451714866,51.66274941793647
Company_43,2019-06-30,285.7098256118954,49.751497018066225,0.33899170863747224,35.432293512070174
Company_43,2019-09-30,282.86177730249676,35.80665594184476,0.9611807967576796,38.10695740528077
Company_43,2019-12-31,272.82013369075804,34.505772541786634,0.8017859024760211,24.847510326757273
Company_43,2020-03-31,279.0450200295594,32.2929849880393,1.2748525529724182,24.680618858421113
Company_43,2020-06-30,277.4803346230937,14.913388505204749,0.7286542751021762,11.856015945044016
Company_43,2020-09-30,286.4870503759611,26.40191960892998,0.3428944704970308,22.491811398044806
Company_43,2020-12-31,279.4180793281133,47.56166988808267,0.6489310076664017,47.57631220876502
Company_43,2021-03-31,289.54718220004,24.767865599403002,1.048350381844422,22.942786523151327
Company_43,2021-06-30,288.87771039915384,54.70526530059493,0.6422515251654396,39.74151939395726
Company_43,2021-09-30,316.8100897796271,26.980763796925,0.5831172437185272,19.211424844050065
Company_43,2021-12-31,325.3298180735651,63.186809358602034,1.0350150693811389,67.81726734011133
Company_43,2022-03-31,343.1419622495571,52.080369688407565,0.5445695803606238,54.12419578019192
Company_43,2022-06-30,324.9172681731972,62.408230665331516,1.3387971647744061,62.13530639035341
Company_43,2022-09-30,315.7759315077472,61.41969696035478,0.11439829430996884,60.58561681824941
Company_43,2022-12-31,306.60284282042767,47.81070431659058,0.9717653573297164,52.402613534213344
Company_43,2023-03-31,296.05080724583735,18.308051457166698,0.7199173911612323,14.727351960466741
Company_43,2023-06-30,283.033889987567,28.730205612479473,1.2684005063578787,30.861808897109746
Company_43,2023-09-30,282.06543507328644,53.393459282478695,0.18653184496491168,39.34800073654433
Company_43,2023-12-31,271.4217700268734,20.198841266560734,0.9332979677776246,15.354935093420133
Company_44,2019-03-31,497.4160909624788,43.274599219545124,0.7593443534086268,41.74983832180955
Company_44,2019-06-30,432.9724546725935,70.4344740657681,1.1554153157938782,65.58551448199353
Company_44,2019-09-30,421.089168001,46.47179593906129,1.3384216435214593,49.17762272893784
Company_44,2019-12-31,466.30073712131144,86.90740122616307,0.5394293071210382,84.85832677327545
Company_44,2020-03-31,456.4031737993719,35.460184617926075,0.5789506692090316,30.92067986265887
Company_44,2020-06-30,451.64312321394533,78.87602798779979,0.2678475308617969,78.40043227469071
Company_44,2020-09-30,419.56283763855674,51.99345938149481,0.5199188976878317,48.792366738136316
Company_44,2020-12-31,433.61939597192173,49.89944076478309,0.3301677407104302,37.256580624535474
Company_44,2021-03-31,462.05101154639664,46.9414501277904,1.1262001501116725,45.226422747056446
Company_44,2021-06-30,473.7352140889173,89.88331571934361,1.2493734242187973,83.2896647533166
Company_44,2021-09-30,500.56028352713713,55.02549958944486,0.5575125882008883,38.75580382386338
Company_44,2021-12-31,517.7976691239143,90.08781640042687,1.2213729805647109,66.82550325981941
Company_44,2022-03-31,498.8927797928264,33.82810558642623,1.472795517885013,26.584775970531112
Company_44,2022-06-30,569.029039420725,34.19018210801206,0.9327863313026733,34.0379219734965
Company_44,2022-09-30,582.4591735080982,75.6287015951688,0.24457101242506776,58.15919383966538
Company_44,2022-12-31,587.9282039172787,79.48562646969718,0.5149006589186037,85.47298393607612
Company_44,2023-03-31,543.604074449491,31.285734923546297,0.17387136100344366,30.560046733545363
Company_44,2023-06-30,531.0907160657305,63.034811437470694,0.417130276450548,59.60496900119635
Company_44,2023-09-30,554.6189984360822,57.61454924395708,1.2529731172565466,59.243800218299604
Company_44,2023-12-31,522.8031689737462,63.57420357607794,0.5911467530690218,53.72172262923427
Company_45,2019-03-31,398.5840793963281,24.99251768711201,0.7533703692381717,22.314640384889838
Company_45,2019-06-30,393.8674327994034,69.37435488772768,0.4097341750244895,59.134457952848955
Company_45,2019-09-30,411.2851684928715,44.29198310286642,0.7427736326013532,36.37764159314018
Company_45,2019-12-31,429.0046968531211,81.4607982799325,0.26610127203821243,87.4481481524032
Company_45,2020-03-31,444.7935962660348,24.418660977852785,0.7658346685508115,21.075727780666405
Company_45,2020-06-30,497.2164031582492,36.88491582966994,1.0189734449009196,40.14776887124369
Company_45,2020-09-30,550.0074930892179,33.147613926959494,0.6847337941437925,24.746132206215066
Company_45,2020-12-31,574.7326829859492,81.56570335137474,1.4138750214998164,78.68733883049316
Company_45,2021-03-31,580.0072283090828,76.90867248157433,0.664490858586553,79.4818524042465
Company_45,2021-06-30,573.328838202114,98.72759900720476,0.9565634281445099,83.8575618062899
Company_45,2021-09-30,571.4593026836476,58.99440254357259,0.6784415240908073,57.24398965720658
Company_45,2021-12-31,574.6367506223725,85.462260954801,0.19815139549775973,73.33548457243813
Company_45,2022-03-31,575.2963138251988,100.15639726578499,0.15868130340276054,86.90301674439634
Company_45,2022-06-30,576.7456293504285,43.38888996313694,1.3310623019498637,40.039970788395784
Company_45,2022-09-30,588.6913049043701,94.02751418722471,1.4413652124872074,74.11045584773855
Company_45,2022-12-31,554.0659037774453,101.35376086176383,1.4080257598344863,108.10070009095887
Company_45,2023-03-31,603.1120861351214,66.63278522645986,1.153357035225303,60.80358974527409
Company_45,2023-06-30,658.2804917094683,99.80566458010473,0.6998410653883136,99.06696149880219
Company_45,2023-09-30,661.6180811808323,115.7431080855492,0.8564151445064301,120.12587870468785
Company_45,2023-12-31,683.9155153677473,78.44186508406794,0.6306566795362489,83.6209337683853
Company_46,2019-03-31,165.82542357302162,21.07878535635448,0.5318555940852776,19.586763168240637
Company_46,2019-06-30,179.2487494215158,17.70649250563369,0.15497717993831323,14.321001260772647
Company_46,2019-09-30,181.98714408816147,28.98247694715704,0.584128537774595,28.067710644865585
Company_46,2019-12-31,189.44506799190384,32.35996578973033,1.425458742569137,27.832318274861432
Company_46,2020-03-31,186.53810382147518,37.0371117064968,0.1360774382700916,34.867163724336045
Company_46,2020-06-30,198.2485524152775,29.524343546502703,1.0632637799037803,22.08878617651218
Company_46,2020-09-30,189.39535150767256,18.19757176898433,0.865041958419374,15.775063108639749
Company_46,2020-12-31,198.60366174706118,14.703391746286707,0.3393109633891876,12.75163287321098
Company_46,2021-03-31,206.43836498155554,12.926994806059904,0.6503454705831614,9.567245916872402
Company_46,2021-06-30,213.16282231447116,11.188676115849974,1.0264061557015391,10.528317954030465
Company_46,2021-09-30,212.2722122277955,11.368485208350801,1.2689260879721653,12.390241895404195
Company_46,2021-12-31,210.02035518449523,14.768406763836987,0.42406529927141734,15.467894769581234
Company_46,2022-03-31,212.75694980843429,12.253389909181253,0.15514856716994715,11.390505535333256
Company_46,2022-06-30,224.88040622845978,24.497182065383946,0.14011339860871633,22.863243463589342
Company_46,2022-09-30,228.37466371049035,31.57344427707668,0.6567581802062765,34.399904229204154
Company_46,2022-12-31,232.5131478140714,30.605658998945067,0.4853348534518116,30.10909888789602
Company_46,2023-03-31,242.6678328526622,25.77333691842875,0.8698159878866872,18.562710900449133
Company_46,2023-06-30,244.27379533417883,27.827227576772465,1.265308955525393,28.44664836526096
Company_46,2023-09-30,240.51654809061637,41.5121452689785,1.4025577882370557,30.64195625503237
Company_46,2023-12-31,236.7623990798298,27.82166443356507,0.5724359905499206,29.164765917061928
Company_47,2019-03-31,92.3043035581172,5.325411628959812,0.7895495330000049,4.669548917763197
Company_47,2019-06-30,90.5734400748552,9.071851775657514,0.6524012414464933,8.273313224774668
Company_47,2019-09-30,93.52689209670902,15.975781987881577,1.1642253017062227,12.166515921654495
Company_47,2019-12-31,89.85096148742723,6.504079328035378,0.47544411484287863,5.492238995013074
Company_47,2020-03-31,99.27674473362906,5.807894556009366,0.14854178591649295,4.975996279192354
Company_47,2020-06-30,96.96820586572042,14.988817156487235,0.37080948013907555,14.338329359387926
Company_47,2020-09-30,101.44520377043716,18.70177752521062,0.5162020859938571,14.811761075170855
Company_47,2020-12-31,101.82264405627208,11.373140894808218,0.4367442192522082,11.020045100425431
Company_47,2021-03-31,106.48875471730555,18.49204562260085,0.6557890270904637,14.100680157394601
Company_47,2021-06-30,113.79918933448924,18.28669240409411,0.6046643071981754,17.710813923188905
Company_47,2021-09-30,113.93176294393007,22.659577221092356,0.31868211110283895,24.820584790630395
Company_47,2021-12-31,115.03510773791963,22.6149807368292,1.2113453454712555,21.79562154974333
Company_47,2022-03-31,123.39120940137181,11.526704363246058,0.7547536974788278,10.924503079251322
Company_47,2022-06-30,127.23946237708917,14.209921381486485,0.6984810357263751,11.824272630526549
Company_47,2022-09-30,137.0662060227056,10.996719828020526,1.408206254254818,10.728785425701288
Company_47,2022-12-31,141.2447604568341,24.50469218016957,0.8786669696820162,24.794011253197834
Company_47,2023-03-31,148.75508144495254,13.08359716494422,1.3117873364410848,9.696738434335783
Company_47,2023-06-30,146.34341548072345,10.082077819391253,1.4708121771408618,9.7749329576103
Company_47,2023-09-30,145.95483077560516,22.108152216339263,0.931938558232036,20.809520417430054
Company_47,2023-12-31,155.40338834968114,23.680347948104593,0.905502842380738,20.640382042283328
Company_48,2019-03-31,171.24530254764528,26.346628521518916,0.4266659517090573,25.032776641498558
Company_48,2019-06-30,180.847705852533,29.308493898012262,0.4061994444691549,21.218684875616727
Company_48,2019-09-30,187.0304460527082,33.182373340775804,0.16299554972959412,32.97201380499127
Company_48,2019-12-31,181.5329353941501,18.370733125317944,0.7699397178873315,19.6850455481689
Company_48,2020-03-31,181.37037677342718,9.440756546718616,0.2142382080067737,7.5850496854758696
Company_48,2020-06-30,166.62670744805644,9.02747444986272,0.9839254564675513,7.858952223499942
Company_48,2020-09-30,159.29133680553446,15.035478126156727,1.0293542647938152,16.330349882815465
Company_48,2020-12-31,163.98628824264412,9.439463347361608,1.3465380491973726,8.78580392537676
Company_48,2021-03-31,167.368499877753,10.110582602613317,0.22582759243062495,9.507636009876615
Company_48,2021-06-30,194.71988569889353,19.69470639364317,1.384175293208753,16.989366977841584
Company_48,2021-09-30,202.9108473197205,19.07423106229618,0.8356584302982504,18.67621126103588
Company_48,2021-12-31,199.53079700745025,36.92110219417546,1.2090676727223466,35.83356997875902
Company_48,2022-03-31,207.18898693323902,19.553173607274005,0.10155693187466237,15.814251410372878
Company_48,2022-06-30,212.8668915150806,17.600623676115635,1.0265684191595974,16.78192432794586
Company_48,2022-09-30,214.58993792462988,34.18776251604104,0.5529425774796881,33.02614424604053
Company_48,2022-12-31,219.3753230169946,29.2837020313924,0.57982329559907,22.074947944524187
Company_48,2023-03-31,226.30150567808516,14.826169673615368,0.6628381036435369,14.70126927653417
Company_48,2023-06-30,238.1426135812704,39.76341819557568,0.265506071207524,27.834881331421144
Company_48,2023-09-30,231.99527039964215,20.455533321048,0.11805645770533563,18.73971833207453
Company_48,2023-12-31,252.35799176532092,44.83710313051757,1.4406843047816231,41.532518069849345
Company_49,2019-03-31,288.5331592200138,30.87214257471015,0.9499893932370076,26.410825895973556
Company_49,2019-06-30,282.16073205723546,24.2784830906819,0.2329513853197271,20.05323501623547
Company_49,2019-09-30,287.3593696719789,37.29371881897948,1.3230659402321014,40.95698982921375
Company_49,2019-12-31,297.054040065202,40.817354210591176,1.2374633494618403,33.91009498594326
Company_49,2020-03-31,290.8498365820323,43.88228594643073,1.0550683649571382,36.250970967652854
Company_49,2020-06-30,272.9247212243462,19.09967827261316,0.9853547590517119,14.35016786357365
Company_49,2020-09-30,302.0191691485061,46.84067376296688,1.1548609549234354,49.14260099667253
Company_49,2020-12-31,318.67374137254154,39.83225744396662,1.1223488653413998,37.74779932972744
Company_49,2021-03-31,317.724907178802,45.29673469590237,1.2899430627044874,35.26343035307022
Company_49,2021-06-30,296.4673373553304,20.40657865527492,1.4488719264640586,15.166532978368112
Company_49,2021-09-30,340.2657367433506,44.64496176477868,0.22044501984612047,32.26985899344704
Company_49,2021-12-31,336.1452096493569,22.12592280823123,0.9198227574216574,20.30579915170278
Company_49,2022-03-31,353.9166180140805,61.23115843132259,0.15821054378523128,55.0622402990362
Company_49,2022-06-30,338.5140120661263,51.926885577281816,0.45323669789756194,42.74145373736679
Company_49,2022-09-30,359.43974181686735,61.63984076957089,0.9163823067394169,61.15218870231538
Company_49,2022-12-31,370.920775298661,38.84407378931046,0.9973517393382607,34.43420850250811
Company_49,2023-03-31,389.4434278053209,51.97889576350155,0.6020702147350279,55.33338894096752
Company_49,2023-06-30,379.3132539896952,20.156750952324046,0.5420824117492944,14.568343334156472
Company_49,2023-09-30,401.4309341411765,40.02380131161951,1.0459280630899022,34.355426067389836
Company_49,2023-12-31,429.74012113104806,70.2358954463061,0.7358571278313885,60.74786115586083
Company_50,2019-03-31,467.81889542787064,64.4099918076448,1.4570505371978504,54.82164252966138
Company_50,2019-06-30,469.2011160052929,27.826213609461774,0.5750273742333945,25.109614440577005
Company_50,2019-09-30,489.3337878642436,97.70156257275161,0.7324352663740212,82.25410751361362
Company_50,2019-12-31,475.1499287244449,52.316679882869984,0.2612046497532816,55.105652819931166
Company_50,2020-03-31,442.0345326738716,65.84260885934174,0.7188467893035728,63.16237929603894
Company_50,2020-06-30,420.91749314723864,24.925447418119283,1.2392126812111184,26.824805922295056
Company_50,2020-09-30,437.76432407320215,31.831965915111258,0.7683826652724951,29.945052717552244
Company_50,2020-12-31,449.38839368733164,61.683274314415684,0.6620464907246605,51.5199533658375
Company_50,2021-03-31,452.088985546183,33.635023710682255,1.128111947089106,26.354129984231374
Company_50,2021-06-30,439.3279195960116,25.825802039474517,0.873312592944128,24.2269755257204
Company_50,2021-09-30,452.7839633198213,46.10342669599365,1.2242166341368488,42.2358820261791
Company_50,2021-12-31,485.0897881152638,30.023197876782582,0.8921907844385453,31.920886699740954
Company_50,2022-03-31,456.54233940734173,32.65209920144328,0.31202373070950024,28.508828416324263
Company_50,2022-06-30,447.34701870675275,62.33868995170109,0.21286156723744243,67.0656729500296
Company_50,2022-09-30,467.60265108216214,81.48715037261638,0.2122614595369586,72.58350179417097
Company_50,2022-12-31,511.7703659645807,73.95796681709311,1.260114068565605,74.94810306169569
Company_50,2023-03-31,527.0078611486932,36.1800784477173,1.325187066069613,39.37753267289864
Company_50,2023-06-30,534.9434084671701,40.962236853560405,1.1108924898852994,29.333639782273455
Company_50,2023-09-30,557.3033846798614,76.40450168863937,1.4103121475479834,74.02834269107088
Company_50,2023-12-31,497.8879866666957,60.83777585727751,1.233545050772245,65.71776418257826
